<?xml version="1.0" encoding="UTF-8"?>
<!DOCTYPE html PUBLIC "-//W3C//DTD XHTML 1.0 Transitional//EN"
    "http://www.w3.org/TR/xhtml1/DTD/xhtml1-transitional.dtd">
<html xmlns="http://www.w3.org/1999/xhtml" xml:lang="en" lang="en">
 <head>
  <title>
</title>
<meta http-equiv="Content-Type" content="text/html;charset=utf-8" />
  <meta name='ocr-system' content='tesseract 3.04.00' />
  <meta name='ocr-capabilities' content='ocr_page ocr_carea ocr_par ocr_line ocrx_word'/>
</head>
<body>
  <div class='ocr_page' id='page_1' title='image "./astronomicaeacg00manfgoog_0041.png"; bbox 0 0 1273 1842; ppageno 0'>
   <div class='ocr_carea' id='block_1_1' title="bbox 382 196 894 228">
    <p class='ocr_par' dir='ltr' id='par_1_1' title="bbox 382 196 894 228">
     <span class='ocr_line' id='line_1_1' title="bbox 382 196 894 228; baseline -0.002 -7"><span class='ocrx_word' id='word_1_1' title='bbox 382 206 398 228; x_wconf 77' lang='grc'><strong>4</strong></span> <span class='ocrx_word' id='word_1_2' title='bbox 572 205 576 209; x_wconf 77' lang='lat'><strong>⁴</strong></span> <span class='ocrx_word' id='word_1_3' title='bbox 606 196 894 221; x_wconf 69' lang='lat' dir='ltr'>OBSERVAUONES</span> 
     </span>
    </p>
   </div>
   <div class='ocr_carea' id='block_1_2' title="bbox 348 239 1205 1533">
    <p class='ocr_par' dir='ltr' id='par_1_2' title="bbox 352 239 1171 260">
     <span class='ocr_line' id='line_1_2' title="bbox 352 239 1171 260; baseline -0.002 0"><span class='ocrx_word' id='word_1_4' title='bbox 352 239 389 260; x_wconf 80' lang='lat'>168</span> <span class='ocrx_word' id='word_1_5' title='bbox 1168 242 1171 246; x_wconf 84' lang='lat'>&#39;</span> 
     </span>
    </p>

    <p class='ocr_par' dir='ltr' id='par_1_3' title="bbox 376 246 1188 320">
     <span class='ocr_line' id='line_1_3' title="bbox 376 246 1188 294; baseline 0 -7"><span class='ocrx_word' id='word_1_6' title='bbox 376 246 422 288; x_wconf 64' lang='lat' dir='ltr'>dsne</span> <span class='ocrx_word' id='word_1_7' title='bbox 433 266 504 288; x_wconf 85' lang='lat' dir='ltr'>minori</span> <span class='ocrx_word' id='word_1_8' title='bbox 517 271 575 294; x_wconf 85' lang='lat' dir='ltr'>quam</span> <span class='ocrx_word' id='word_1_9' title='bbox 589 264 659 286; x_wconf 82' lang='lat' dir='ltr'>habear</span> <span class='ocrx_word' id='word_1_10' title='bbox 669 263 735 285; x_wconf 82' lang='lat' dir='ltr'>eadem</span> <span class='ocrx_word' id='word_1_11' title='bbox 747 262 800 284; x_wconf 73' lang='lat' dir='ltr'>stella·</span> <span class='ocrx_word' id='word_1_12' title='bbox 813 270 847 290; x_wconf 83' lang='lat'>40·</span> <span class='ocrx_word' id='word_1_13' title='bbox 857 263 905 284; x_wconf 85' lang='lat' dir='ltr'>min:</span> <span class='ocrx_word' id='word_1_14' title='bbox 914 263 1005 288; x_wconf 79' lang='lat' dir='ltr'>circiter,</span> <span class='ocrx_word' id='word_1_15' title='bbox 1014 263 1035 285; x_wconf 66' lang='lat'>3:</span> <span class='ocrx_word' id='word_1_16' title='bbox 1044 270 1090 285; x_wconf 83' lang='lat' dir='ltr'>cum</span> <span class='ocrx_word' id='word_1_17' title='bbox 1100 265 1188 293; x_wconf 83' lang='lat' dir='ltr'>longitu-</span> 
     </span>
     <span class='ocr_line' id='line_1_4' title="bbox 376 291 890 320; baseline -0.008 -4"><span class='ocrx_word' id='word_1_18' title='bbox 376 295 421 316; x_wconf 86' lang='lat' dir='ltr'>dine</span> <span class='ocrx_word' id='word_1_19' title='bbox 434 296 502 316; x_wconf 83' lang='lat' dir='ltr'>maiori</span> <span class='ocrx_word' id='word_1_20' title='bbox 514 301 553 315; x_wconf 89' lang='lat' dir='ltr'>uno</span> <span class='ocrx_word' id='word_1_21' title='bbox 561 294 637 315; x_wconf 81' lang='lat' dir='ltr'>circiter</span> <span class='ocrx_word' id='word_1_22' title='bbox 648 292 710 320; x_wconf 86' lang='lat' dir='ltr'>gradu</span> <span class='ocrx_word' id='word_1_23' title='bbox 720 291 752 313; x_wconf 85' lang='lat' dir='ltr'>vel</span> <span class='ocrx_word' id='word_1_24' title='bbox 764 291 822 319; x_wconf 83' lang='lat' dir='ltr'>paulo</span> <span class='ocrx_word' id='word_1_25' title='bbox 834 292 890 318; x_wconf 84' lang='lat' dir='ltr'>plus.</span> 
     </span>
    </p>

    <p class='ocr_par' dir='ltr' id='par_1_4' title="bbox 349 318 1193 549">
     <span class='ocr_line' id='line_1_5' title="bbox 349 318 1191 352; baseline -0.007 -6"><span class='ocrx_word' id='word_1_26' title='bbox 349 324 386 345; x_wconf 88' lang='lat' dir='ltr'>Die</span> <span class='ocrx_word' id='word_1_27' title='bbox 403 325 464 352; x_wconf 84' lang='lat' dir='ltr'>prima</span> <span class='ocrx_word' id='word_1_28' title='bbox 480 323 524 345; x_wconf 82' lang='lat' dir='ltr'>Iulii</span> <span class='ocrx_word' id='word_1_29' title='bbox 539 329 559 343; x_wconf 84' lang='lat' dir='ltr'>n.</span> <span class='ocrx_word' id='word_1_30' title='bbox 568 322 592 343; x_wconf 82' lang='lat' dir='ltr'>st.</span> <span class='ocrx_word' id='word_1_31' title='bbox 602 321 647 342; x_wconf 86' lang='lat' dir='ltr'>licet</span> <span class='ocrx_word' id='word_1_32' title='bbox 656 320 741 342; x_wconf 84' lang='lat' dir='ltr'>nondum</span> <span class='ocrx_word' id='word_1_33' title='bbox 752 319 843 341; x_wconf 71' lang='lat' dir='ltr'>Sextante</span> <span class='ocrx_word' id='word_1_34' title='bbox 857 318 903 341; x_wconf 85' lang='lat' dir='ltr'>usus</span> <span class='ocrx_word' id='word_1_35' title='bbox 915 318 985 341; x_wconf 85' lang='lat' dir='ltr'>fuerim</span> <span class='ocrx_word' id='word_1_36' title='bbox 996 319 1061 342; x_wconf 85' lang='lat' dir='ltr'>locum</span> <span class='ocrx_word' id='word_1_37' title='bbox 1072 327 1137 342; x_wconf 84' lang='lat' dir='ltr'>tamen</span> <span class='ocrx_word' id='word_1_38' title='bbox 1148 319 1191 343; x_wconf 87' lang='lat' dir='ltr'>Co-</span> 
     </span>
     <span class='ocr_line' id='line_1_6' title="bbox 377 347 1188 377; baseline -0.004 -4"><span class='ocrx_word' id='word_1_39' title='bbox 377 359 439 373; x_wconf 84' lang='lat' dir='ltr'>metae</span> <span class='ocrx_word' id='word_1_40' title='bbox 449 351 495 373; x_wconf 83' lang='lat' dir='ltr'>satis</span> <span class='ocrx_word' id='word_1_41' title='bbox 508 355 597 372; x_wconf 86' lang='lat' dir='ltr'>accurare</span> <span class='ocrx_word' id='word_1_42' title='bbox 612 347 705 371; x_wconf 76' lang='lat' dir='ltr'>notaviss‘e</span> <span class='ocrx_word' id='word_1_43' title='bbox 717 348 803 370; x_wconf 80' lang='lat' dir='ltr'>arbitror</span> <span class='ocrx_word' id='word_1_44' title='bbox 812 354 820 368; x_wconf 89' lang='lat'>.·</span> <span class='ocrx_word' id='word_1_45' title='bbox 833 348 935 376; x_wconf 72' lang='lat' dir='ltr'>apparebat</span> <span class='ocrx_word' id='word_1_46' title='bbox 944 349 995 369; x_wconf 84' lang='lat' dir='ltr'>enim</span> <span class='ocrx_word' id='word_1_47' title='bbox 1008 349 1028 370; x_wconf 92' lang='lat' dir='ltr'>in</span> <span class='ocrx_word' id='word_1_48' title='bbox 1039 348 1156 377; x_wconf 78' lang='lat' dir='ltr'>telcscopio,</span> <span class='ocrx_word' id='word_1_49' title='bbox 1165 350 1188 370; x_wconf 91' lang='lat'>·&amp;</span> 
     </span>
     <span class='ocr_line' id='line_1_7' title="bbox 375 374 1193 405; baseline -0.002 -4"><span class='ocrx_word' id='word_1_50' title='bbox 375 380 430 404; x_wconf 72' lang='lat' dir='ltr'>timul</span> <span class='ocrx_word' id='word_1_51' title='bbox 439 386 483 400; x_wconf 87' lang='lat' dir='ltr'>cum</span> <span class='ocrx_word' id='word_1_52' title='bbox 498 379 533 400; x_wconf 85' lang='lat' dir='ltr'>illo</span> <span class='ocrx_word' id='word_1_53' title='bbox 542 379 630 405; x_wconf 81' lang='lat' dir='ltr'>Virginis</span> <span class='ocrx_word' id='word_1_54' title='bbox 639 377 723 398; x_wconf 67' lang='lat' dir='ltr'>stellula,</span> <span class='ocrx_word' id='word_1_55' title='bbox 736 382 781 403; x_wconf 74' lang='lat' dir='ltr'>quae</span> <span class='ocrx_word' id='word_1_56' title='bbox 793 376 845 403; x_wconf 82' lang='lat' dir='ltr'>apud</span> <span class='ocrx_word' id='word_1_57' title='bbox 861 374 962 404; x_wconf 84' lang='lat' dir='ltr'>Bayerum</span> <span class='ocrx_word' id='word_1_58' title='bbox 983 376 1086 405; x_wconf 68' lang='lat' dir='ltr'>insignitur</span> <span class='ocrx_word' id='word_1_59' title='bbox 1100 379 1166 399; x_wconf 83' lang='lat' dir='ltr'>littera</span> <span class='ocrx_word' id='word_1_60' title='bbox 1178 385 1193 399; x_wconf 70' lang='lat' dir='ltr'>a*</span> 
     </span>
     <span class='ocr_line' id='line_1_8' title="bbox 376 403 1193 435; baseline -0.002 -6"><span class='ocrx_word' id='word_1_61' title='bbox 376 409 452 435; x_wconf 77' lang='lat' dir='ltr'>estque,</span> <span class='ocrx_word' id='word_1_62' title='bbox 466 413 488 429; x_wconf 88' lang='lat' dir='ltr'>ut</span> <span class='ocrx_word' id='word_1_63' title='bbox 499 407 530 427; x_wconf 86' lang='lat' dir='ltr'>ille</span> <span class='ocrx_word' id='word_1_64' title='bbox 542 412 599 428; x_wconf 85' lang='lat' dir='ltr'>vocat</span> <span class='ocrx_word' id='word_1_65' title='bbox 605 405 640 434; x_wconf 79' lang='lat' dir='ltr'>sub</span> <span class='ocrx_word' id='word_1_66' title='bbox 649 404 715 432; x_wconf 75' lang='lat' dir='ltr'>cingulo</span> <span class='ocrx_word' id='word_1_67' title='bbox 722 403 860 432; x_wconf 51' lang='lat' dir='ltr'>septentrionali}</span> <span class='ocrx_word' id='word_1_68' title='bbox 870 404 927 431; x_wconf 68' lang='lat' dir='ltr'>partia</span> <span class='ocrx_word' id='word_1_69' title='bbox 936 405 1005 431; x_wconf 75' lang='lat' dir='ltr'>prima.</span> <span class='ocrx_word' id='word_1_70' title='bbox 1012 405 1035 426; x_wconf 89' lang='lat' dir='ltr'>1n</span> <span class='ocrx_word' id='word_1_71' title='bbox 1046 404 1153 434; x_wconf 85' lang='lat' dir='ltr'>reiescopio</span> <span class='ocrx_word' id='word_1_72' title='bbox 1164 406 1193 427; x_wconf 86' lang='lat' dir='ltr'>in-</span> 
     </span>
     <span class='ocr_line' id='line_1_9' title="bbox 374 432 1192 464; baseline -0.001 -7"><span class='ocrx_word' id='word_1_73' title='bbox 374 435 435 457; x_wconf 79' lang='lat' dir='ltr'>ferior</span> <span class='ocrx_word' id='word_1_74' title='bbox 449 435 551 464; x_wconf 74' lang='lat' dir='ltr'>apparebat</span> <span class='ocrx_word' id='word_1_75' title='bbox 565 432 642 455; x_wconf 85' lang='lat' dir='ltr'>inverso</span> <span class='ocrx_word' id='word_1_76' title='bbox 655 432 703 457; x_wconf 77' lang='lat' dir='ltr'>situ,</span> <span class='ocrx_word' id='word_1_77' title='bbox 718 438 778 461; x_wconf 88' lang='lat' dir='ltr'>quare</span> <span class='ocrx_word' id='word_1_78' title='bbox 795 432 815 452; x_wconf 88' lang='lat' dir='ltr'>in</span> <span class='ocrx_word' id='word_1_79' title='bbox 832 438 880 454; x_wconf 79' lang='lat' dir='ltr'>vero</span> <span class='ocrx_word' id='word_1_80' title='bbox 899 432 935 453; x_wconf 86' lang='lat' dir='ltr'>fitu</span> <span class='ocrx_word' id='word_1_81' title='bbox 954 432 1041 461; x_wconf 79' lang='lat' dir='ltr'>superior</span> <span class='ocrx_word' id='word_1_82' title='bbox 1051 440 1092 455; x_wconf 80' lang='lat' dir='ltr'>erat</span> <span class='ocrx_word' id='word_1_83' title='bbox 1101 434 1192 462; x_wconf 87' lang='lat' dir='ltr'>partibus</span> 
     </span>
     <span class='ocr_line' id='line_1_10' title="bbox 374 458 1190 490; baseline -0.001 -5"><span class='ocrx_word' id='word_1_84' title='bbox 374 464 442 485; x_wconf 80' lang='lat' dir='ltr'>nostrae</span> <span class='ocrx_word' id='word_1_85' title='bbox 451 463 535 485; x_wconf 71' lang='lat' dir='ltr'>reticulae</span> <span class='ocrx_word' id='word_1_86' title='bbox 548 470 578 483; x_wconf 77' lang='grc' dir='ltr'>η.</span> <span class='ocrx_word' id='word_1_87' title='bbox 590 461 677 490; x_wconf 86' lang='lat' dir='ltr'>qualium</span> <span class='ocrx_word' id='word_1_88' title='bbox 690 468 714 482; x_wconf 83' lang='grc' dir='ltr'>ιο</span> <span class='ocrx_word' id='word_1_89' title='bbox 729 464 741 485; x_wconf 74' lang='lat'><em>÷</em></span> <span class='ocrx_word' id='word_1_90' title='bbox 751 458 867 488; x_wconf 83' lang='lat' dir='ltr'>respondent</span> <span class='ocrx_word' id='word_1_91' title='bbox 874 462 953 482; x_wconf 85' lang='lat' dir='ltr'>minutis</span> <span class='ocrx_word' id='word_1_92' title='bbox 963 463 1030 489; x_wconf 89' lang='lat' dir='ltr'>primis</span> <span class='ocrx_word' id='word_1_93' title='bbox 1043 469 1075 488; x_wconf 78' lang='lat'>30.</span> <span class='ocrx_word' id='word_1_94' title='bbox 1085 469 1107 484; x_wconf 89' lang='lat' dir='ltr'>ut</span> <span class='ocrx_word' id='word_1_95' title='bbox 1117 461 1190 490; x_wconf 78' lang='lat' dir='ltr'>saepius</span> 
     </span>
     <span class='ocr_line' id='line_1_11' title="bbox 374 488 1191 520; baseline -0.001 -7"><span class='ocrx_word' id='word_1_96' title='bbox 374 499 467 520; x_wconf 79' lang='lat' dir='ltr'>expertus</span> <span class='ocrx_word' id='word_1_97' title='bbox 483 491 535 513; x_wconf 86' lang='lat' dir='ltr'>sum.</span> <span class='ocrx_word' id='word_1_98' title='bbox 549 492 604 512; x_wconf 79' lang='lat' dir='ltr'>Hora</span> <span class='ocrx_word' id='word_1_99' title='bbox 621 488 762 511; x_wconf 77' lang='lat' dir='ltr'>observationis</span> <span class='ocrx_word' id='word_1_100' title='bbox 779 488 817 510; x_wconf 88' lang='lat' dir='ltr'>fuit</span> <span class='ocrx_word' id='word_1_101' title='bbox 834 496 865 510; x_wconf 84' lang='lat'>10.</span> <span class='ocrx_word' id='word_1_102' title='bbox 877 497 910 516; x_wconf 78' lang='lat'>⁴0-</span> <span class='ocrx_word' id='word_1_103' title='bbox 921 490 965 517; x_wconf 86' lang='lat' dir='ltr'>post</span> <span class='ocrx_word' id='word_1_104' title='bbox 979 489 1091 512; x_wconf 78' lang='lat' dir='ltr'>meridiem.</span> <span class='ocrx_word' id='word_1_105' title='bbox 1105 491 1191 513; x_wconf 81' lang='lat' dir='ltr'>Distabat</span> 
     </span>
     <span class='ocr_line' id='line_1_12' title="bbox 377 517 998 549; baseline -0.005 -7"><span class='ocrx_word' id='word_1_106' title='bbox 377 522 438 549; x_wconf 81' lang='lat' dir='ltr'>igitur</span> <span class='ocrx_word' id='word_1_107' title='bbox 447 521 472 542; x_wconf 84' lang='lat' dir='ltr'>ab</span> <span class='ocrx_word' id='word_1_108' title='bbox 481 527 502 541; x_wconf 88' lang='lat' dir='ltr'>ca</span> <span class='ocrx_word' id='word_1_109' title='bbox 514 520 587 541; x_wconf 79' lang='lat' dir='ltr'>stellula</span> <span class='ocrx_word' id='word_1_110' title='bbox 599 517 666 540; x_wconf 83' lang='lat' dir='ltr'>versus</span> <span class='ocrx_word' id='word_1_111' title='bbox 677 517 766 539; x_wconf 76' lang='lat' dir='ltr'>eandam</span> <span class='ocrx_word' id='word_1_112' title='bbox 779 517 854 539; x_wconf 81' lang='lat' dir='ltr'>Helicis</span> <span class='ocrx_word' id='word_1_113' title='bbox 870 525 903 544; x_wconf 88' lang='lat'>3²·</span> <span class='ocrx_word' id='word_1_114' title='bbox 919 517 951 544; x_wconf 83' lang='lat'>58.</span> <span class='ocrx_word' id='word_1_115' title='bbox 966 519 998 540; x_wconf 82' lang='lat'>18.</span> 
     </span>
    </p>

    <p class='ocr_par' dir='ltr' id='par_1_5' title="bbox 348 546 1198 800">
     <span class='ocr_line' id='line_1_13' title="bbox 348 546 1193 575; baseline -0.001 -5"><span class='ocrx_word' id='word_1_116' title='bbox 348 550 385 570; x_wconf 87' lang='lat' dir='ltr'>Dic</span> <span class='ocrx_word' id='word_1_117' title='bbox 405 556 424 569; x_wconf 86' lang='lat'>2.</span> <span class='ocrx_word' id='word_1_118' title='bbox 442 549 486 570; x_wconf 81' lang='lat' dir='ltr'>Iuiii</span> <span class='ocrx_word' id='word_1_119' title='bbox 503 555 522 569; x_wconf 89' lang='lat' dir='ltr'>n.</span> <span class='ocrx_word' id='word_1_120' title='bbox 533 548 554 569; x_wconf 80' lang='lat' dir='ltr'>st.</span> <span class='ocrx_word' id='word_1_121' title='bbox 565 548 614 569; x_wconf 79' lang='lat' dir='ltr'>hora</span> <span class='ocrx_word' id='word_1_122' title='bbox 626 554 645 573; x_wconf 83' lang='lat'>9.</span> <span class='ocrx_word' id='word_1_123' title='bbox 658 553 667 574; x_wconf 87' lang='lat'><em>3</em></span> <span class='ocrx_word' id='word_1_124' title='bbox 672 553 690 572; x_wconf 90' lang='lat'>5.</span> <span class='ocrx_word' id='word_1_125' title='bbox 705 546 746 575; x_wconf 82' lang='lat' dir='ltr'>post</span> <span class='ocrx_word' id='word_1_126' title='bbox 759 546 859 568; x_wconf 84' lang='lat' dir='ltr'>meridiem</span> <span class='ocrx_word' id='word_1_127' title='bbox 870 553 904 574; x_wconf 86' lang='lat' dir='ltr'>per</span> <span class='ocrx_word' id='word_1_128' title='bbox 914 547 973 568; x_wconf 83' lang='lat' dir='ltr'>lineas</span> <span class='ocrx_word' id='word_1_129' title='bbox 983 548 1045 568; x_wconf 61' lang='lat' dir='ltr'>reditas</span> <span class='ocrx_word' id='word_1_130' title='bbox 1058 547 1193 569; x_wconf 83' lang='lat' dir='ltr'>tantummodo</span> 
     </span>
     <span class='ocr_line' id='line_1_14' title="bbox 377 574 1194 603; baseline -0.002 -4"><span class='ocrx_word' id='word_1_131' title='bbox 377 578 412 599; x_wconf 87' lang='lat' dir='ltr'>hac</span> <span class='ocrx_word' id='word_1_132' title='bbox 428 578 486 598; x_wconf 84' lang='lat' dir='ltr'>eriam</span> <span class='ocrx_word' id='word_1_133' title='bbox 503 577 560 598; x_wconf 62' lang='lat' dir='ltr'>nocte</span> <span class='ocrx_word' id='word_1_134' title='bbox 576 577 672 598; x_wconf 74' lang='lat' dir='ltr'>Cometae</span> <span class='ocrx_word' id='word_1_135' title='bbox 686 574 742 596; x_wconf 79' lang='lat' dir='ltr'>situm</span> <span class='ocrx_word' id='word_1_136' title='bbox 756 575 836 596; x_wconf 86' lang='lat' dir='ltr'>notavi.</span> <span class='ocrx_word' id='word_1_137' title='bbox 850 575 906 596; x_wconf 87' lang='lat' dir='ltr'>Duco</span> <span class='ocrx_word' id='word_1_138' title='bbox 918 575 986 596; x_wconf 80' lang='lat' dir='ltr'>lineam</span> <span class='ocrx_word' id='word_1_139' title='bbox 994 576 1066 597; x_wconf 68' lang='lat' dir='ltr'>rectam</span> <span class='ocrx_word' id='word_1_140' title='bbox 1078 582 1111 603; x_wconf 85' lang='lat' dir='ltr'>per</span> <span class='ocrx_word' id='word_1_141' title='bbox 1123 576 1194 597; x_wconf 69' lang='lat' dir='ltr'>Arctu-</span> 
     </span>
     <span class='ocr_line' id='line_1_15' title="bbox 377 603 1195 632; baseline -0.005 -5"><span class='ocrx_word' id='word_1_142' title='bbox 377 612 421 627; x_wconf 81' lang='lat' dir='ltr'>rum</span> <span class='ocrx_word' id='word_1_143' title='bbox 441 620 448 631; x_wconf 87' lang='lat'><strong>,</strong></span> <span class='ocrx_word' id='word_1_144' title='bbox 468 607 488 626; x_wconf 91' lang='lat'>&amp;</span> <span class='ocrx_word' id='word_1_145' title='bbox 504 605 576 626; x_wconf 79' lang='lat' dir='ltr'>stellam</span> <span class='ocrx_word' id='word_1_146' title='bbox 591 604 680 632; x_wconf 81' lang='lat' dir='ltr'>Virginis</span> <span class='ocrx_word' id='word_1_147' title='bbox 692 618 698 628; x_wconf 94' lang='lat'>‚</span> <span class='ocrx_word' id='word_1_148' title='bbox 712 604 846 632; x_wconf 80' lang='lat' dir='ltr'>quaeBayero</span> <span class='ocrx_word' id='word_1_149' title='bbox 858 603 912 625; x_wconf 87' lang='lat' dir='ltr'>audit</span> <span class='ocrx_word' id='word_1_150' title='bbox 922 603 958 632; x_wconf 82' lang='lat' dir='ltr'>sub</span> <span class='ocrx_word' id='word_1_151' title='bbox 968 603 1044 630; x_wconf 69' lang='lat' dir='ltr'>cafiullae</span> <span class='ocrx_word' id='word_1_152' title='bbox 1053 604 1143 629; x_wconf 72' lang='lat' dir='ltr'>Virginis.-</span> <span class='ocrx_word' id='word_1_153' title='bbox 1157 604 1195 626; x_wconf 80' lang='lat' dir='ltr'>Co.</span> 
     </span>
     <span class='ocr_line' id='line_1_16' title="bbox 375 631 1194 662; baseline -0.004 -7"><span class='ocrx_word' id='word_1_154' title='bbox 375 640 427 661; x_wconf 79' lang='lat' dir='ltr'>meta</span> <span class='ocrx_word' id='word_1_155' title='bbox 442 634 506 662; x_wconf 85' lang='lat' dir='ltr'>vergit</span> <span class='ocrx_word' id='word_1_156' title='bbox 521 633 545 655; x_wconf 85' lang='lat' dir='ltr'>ad</span> <span class='ocrx_word' id='word_1_157' title='bbox 557 634 630 655; x_wconf 79' lang='lat' dir='ltr'>laevam</span> <span class='ocrx_word' id='word_1_158' title='bbox 641 631 720 653; x_wconf 83' lang='lat' dir='ltr'>huiusce</span> <span class='ocrx_word' id='word_1_159' title='bbox 727 632 827 660; x_wconf 82' lang='lat' dir='ltr'>lineaeper</span> <span class='ocrx_word' id='word_1_160' title='bbox 836 631 975 653; x_wconf 82' lang='lat' dir='ltr'>semidiametri</span> <span class='ocrx_word' id='word_1_161' title='bbox 985 632 1057 653; x_wconf 84' lang='lat' dir='ltr'>Solaris</span> <span class='ocrx_word' id='word_1_162' title='bbox 1068 631 1175 653; x_wconf 84' lang='lat' dir='ltr'>mensuram</span> <span class='ocrx_word' id='word_1_163' title='bbox 1188 647 1194 657; x_wconf 85' lang='lat'><em>,</em></span> 
     </span>
     <span class='ocr_line' id='line_1_17' title="bbox 377 659 1195 690; baseline -0.001 -7"><span class='ocrx_word' id='word_1_164' title='bbox 377 663 408 683; x_wconf 78' lang='lat' dir='ltr'>vel</span> <span class='ocrx_word' id='word_1_165' title='bbox 418 662 476 690; x_wconf 84' lang='lat' dir='ltr'>paulo</span> <span class='ocrx_word' id='word_1_166' title='bbox 486 662 539 689; x_wconf 89' lang='lat' dir='ltr'>plus.</span> <span class='ocrx_word' id='word_1_167' title='bbox 552 663 607 683; x_wconf 88' lang='lat' dir='ltr'>Duco</span> <span class='ocrx_word' id='word_1_168' title='bbox 616 663 688 689; x_wconf 84' lang='lat' dir='ltr'>pariter</span> <span class='ocrx_word' id='word_1_169' title='bbox 699 660 769 681; x_wconf 72' lang='lat' dir='ltr'>rectam</span> <span class='ocrx_word' id='word_1_170' title='bbox 783 667 816 687; x_wconf 84' lang='lat' dir='ltr'>per</span> <span class='ocrx_word' id='word_1_171' title='bbox 827 659 897 688; x_wconf 83' lang='lat' dir='ltr'>spicam</span> <span class='ocrx_word' id='word_1_172' title='bbox 909 660 1034 688; x_wconf 78' lang='lat' dir='ltr'>Virginis‚&amp;</span> <span class='ocrx_word' id='word_1_173' title='bbox 1044 666 1077 688; x_wconf 89' lang='lat' dir='ltr'>per</span> <span class='ocrx_word' id='word_1_174' title='bbox 1089 666 1195 682; x_wconf 79' lang='lat' dir='ltr'>extremam</span> 
     </span>
     <span class='ocr_line' id='line_1_18' title="bbox 376 687 1197 718; baseline -0.002 -6"><span class='ocrx_word' id='word_1_175' title='bbox 376 691 458 712; x_wconf 78' lang='lat' dir='ltr'>caudae</span> <span class='ocrx_word' id='word_1_176' title='bbox 464 690 537 711; x_wconf 83' lang='lat' dir='ltr'>Helicis</span> <span class='ocrx_word' id='word_1_177' title='bbox 553 689 633 718; x_wconf 87' lang='lat' dir='ltr'>Bayero</span> <span class='ocrx_word' id='word_1_178' title='bbox 645 698 655 711; x_wconf 70' lang='lat' dir='ltr'>n</span> <span class='ocrx_word' id='word_1_179' title='bbox 665 696 671 710; x_wconf 76' lang='lat' dir='ltr'><strong><em>z</em></strong></span> <span class='ocrx_word' id='word_1_180' title='bbox 682 688 766 709; x_wconf 80' lang='lat' dir='ltr'>Cometa</span> <span class='ocrx_word' id='word_1_181' title='bbox 777 688 804 709; x_wconf 81' lang='lat' dir='ltr'>est</span> <span class='ocrx_word' id='word_1_182' title='bbox 815 687 900 716; x_wconf 81' lang='lat' dir='ltr'>superior</span> <span class='ocrx_word' id='word_1_183' title='bbox 913 688 950 709; x_wconf 83' lang='lat' dir='ltr'>hac</span> <span class='ocrx_word' id='word_1_184' title='bbox 961 689 1010 709; x_wconf 85' lang='lat' dir='ltr'>linea</span> <span class='ocrx_word' id='word_1_185' title='bbox 1030 692 1045 712; x_wconf 67' lang='lat'>³.-</span> <span class='ocrx_word' id='word_1_186' title='bbox 1063 689 1141 710; x_wconf 80' lang='lat' dir='ltr'>circiter</span> <span class='ocrx_word' id='word_1_187' title='bbox 1161 689 1197 710; x_wconf 87' lang='lat' dir='ltr'>So-</span> 
     </span>
     <span class='ocr_line' id='line_1_19' title="bbox 375 716 1197 745; baseline -0.002 -5"><span class='ocrx_word' id='word_1_188' title='bbox 375 719 421 740; x_wconf 89' lang='lat' dir='ltr'>laris</span> <span class='ocrx_word' id='word_1_189' title='bbox 435 720 541 743; x_wconf 78' lang='lat' dir='ltr'>Diametri,</span> <span class='ocrx_word' id='word_1_190' title='bbox 556 719 586 739; x_wconf 84' lang='lat' dir='ltr'>vel</span> <span class='ocrx_word' id='word_1_191' title='bbox 599 718 658 745; x_wconf 88' lang='lat' dir='ltr'>paulo</span> <span class='ocrx_word' id='word_1_192' title='bbox 671 718 734 738; x_wconf 86' lang='lat' dir='ltr'>miuus</span> <span class='ocrx_word' id='word_1_193' title='bbox 750 716 788 737; x_wconf 87' lang='lat' dir='ltr'>hoc</span> <span class='ocrx_word' id='word_1_194' title='bbox 798 717 825 737; x_wconf 84' lang='lat' dir='ltr'>est</span> <span class='ocrx_word' id='word_1_195' title='bbox 837 717 884 737; x_wconf 86' lang='lat' dir='ltr'>min.</span> <span class='ocrx_word' id='word_1_196' title='bbox 907 717 939 737; x_wconf 78' lang='lat'>18.</span> <span class='ocrx_word' id='word_1_197' title='bbox 958 718 1034 738; x_wconf 83' lang='lat' dir='ltr'>circiter</span> <span class='ocrx_word' id='word_1_198' title='bbox 1045 732 1050 737; x_wconf 88' lang='lat'>.</span> <span class='ocrx_word' id='word_1_199' title='bbox 1065 717 1085 737; x_wconf 91' lang='lat' dir='ltr'>Si</span> <span class='ocrx_word' id='word_1_200' title='bbox 1097 716 1156 738; x_wconf 78' lang='lat' dir='ltr'>ducas</span> <span class='ocrx_word' id='word_1_201' title='bbox 1167 723 1197 738; x_wconf 91' lang='lat' dir='ltr'>re-</span> 
     </span>
     <span class='ocr_line' id='line_1_20' title="bbox 375 744 1198 774; baseline -0.002 -6"><span class='ocrx_word' id='word_1_202' title='bbox 375 748 426 768; x_wconf 76' lang='lat' dir='ltr'>ctam</span> <span class='ocrx_word' id='word_1_203' title='bbox 441 747 508 768; x_wconf 82' lang='lat' dir='ltr'>lineam</span> <span class='ocrx_word' id='word_1_204' title='bbox 525 753 559 774; x_wconf 89' lang='lat' dir='ltr'>per</span> <span class='ocrx_word' id='word_1_205' title='bbox 574 746 662 767; x_wconf 83' lang='lat' dir='ltr'>Caudarn</span> <span class='ocrx_word' id='word_1_206' title='bbox 679 744 751 766; x_wconf 74' lang='lat' dir='ltr'>Leonis</span> <span class='ocrx_word' id='word_1_207' title='bbox 763 744 963 766; x_wconf 84' lang='lat' dir='ltr'>&amp;Vindemiatricem</span> <span class='ocrx_word' id='word_1_208' title='bbox 978 745 1066 773; x_wconf 84' lang='lat' dir='ltr'>Virginis</span> <span class='ocrx_word' id='word_1_209' title='bbox 1081 746 1090 771; x_wconf 88' lang='lat'><strong>(</strong></span> <span class='ocrx_word' id='word_1_210' title='bbox 1106 752 1115 766; x_wconf 76' lang='grc' dir='ltr'>ι</span> <span class='ocrx_word' id='word_1_211' title='bbox 1131 745 1198 774; x_wconf 87' lang='lat' dir='ltr'>Baye-</span> 
     </span>
     <span class='ocr_line' id='line_1_21' title="bbox 378 773 897 800; baseline -0.004 -4"><span class='ocrx_word' id='word_1_212' title='bbox 378 782 401 796; x_wconf 88' lang='lat' dir='ltr'>ro</span> <span class='ocrx_word' id='word_1_213' title='bbox 408 777 419 800; x_wconf 90' lang='lat'><em>)</em></span> <span class='ocrx_word' id='word_1_214' title='bbox 427 775 473 796; x_wconf 81' lang='lat' dir='ltr'>haec</span> <span class='ocrx_word' id='word_1_215' title='bbox 483 775 532 795; x_wconf 84' lang='lat' dir='ltr'>linea</span> <span class='ocrx_word' id='word_1_216' title='bbox 542 775 651 795; x_wconf 78' lang='lat' dir='ltr'>continuata</span> <span class='ocrx_word' id='word_1_217' title='bbox 661 773 727 795; x_wconf 83' lang='lat' dir='ltr'>tranfit</span> <span class='ocrx_word' id='word_1_218' title='bbox 736 779 770 800; x_wconf 87' lang='lat' dir='ltr'>pet</span> <span class='ocrx_word' id='word_1_219' title='bbox 780 773 897 794; x_wconf 76' lang='lat' dir='ltr'>Cometam.</span> 
     </span>
    </p>

    <p class='ocr_par' dir='ltr' id='par_1_6' title="bbox 350 800 1198 885">
     <span class='ocr_line' id='line_1_22' title="bbox 350 800 1197 831; baseline 0 -8"><span class='ocrx_word' id='word_1_220' title='bbox 350 803 388 824; x_wconf 86' lang='lat' dir='ltr'>Die</span> <span class='ocrx_word' id='word_1_221' title='bbox 398 811 417 830; x_wconf 83' lang='lat'>3.</span> <span class='ocrx_word' id='word_1_222' title='bbox 428 803 472 824; x_wconf 90' lang='lat' dir='ltr'>Iulii</span> <span class='ocrx_word' id='word_1_223' title='bbox 486 809 503 823; x_wconf 90' lang='lat' dir='ltr'>n.</span> <span class='ocrx_word' id='word_1_224' title='bbox 517 802 538 823; x_wconf 88' lang='lat' dir='ltr'>st.</span> <span class='ocrx_word' id='word_1_225' title='bbox 549 802 654 827; x_wconf 83' lang='lat' dir='ltr'>Sexranre,</span> <span class='ocrx_word' id='word_1_226' title='bbox 667 803 698 823; x_wconf 86' lang='lat' dir='ltr'>cui</span> <span class='ocrx_word' id='word_1_227' title='bbox 709 807 748 822; x_wconf 85' lang='lat' dir='ltr'>non</span> <span class='ocrx_word' id='word_1_228' title='bbox 758 800 804 823; x_wconf 85' lang='lat' dir='ltr'>satis</span> <span class='ocrx_word' id='word_1_229' title='bbox 813 800 866 827; x_wconf 86' lang='lat' dir='ltr'>fido,</span> <span class='ocrx_word' id='word_1_230' title='bbox 880 801 989 823; x_wconf 81' lang='lat' dir='ltr'>distantiam</span> <span class='ocrx_word' id='word_1_231' title='bbox 1001 801 1096 824; x_wconf 73' lang='lat' dir='ltr'>Cometa:</span> <span class='ocrx_word' id='word_1_232' title='bbox 1108 803 1197 831; x_wconf 81' lang='lat' dir='ltr'>explora-</span> 
     </span>
     <span class='ocr_line' id='line_1_23' title="bbox 377 828 1198 885; baseline -0.001 -33"><span class='ocrx_word' id='word_1_233' title='bbox 377 833 454 880; x_wconf 55' lang='lat' dir='ltr'>gimus,</span> <span class='ocrx_word' id='word_1_234' title='bbox 469 837 519 859; x_wconf 86' lang='lat' dir='ltr'>quae</span> <span class='ocrx_word' id='word_1_235' title='bbox 526 838 574 879; x_wconf 48' lang='lat' dir='ltr'>pum</span> <span class='ocrx_word' id='word_1_236' title='bbox 586 831 681 880; x_wconf 52' lang='lat'>”⁰3:³⁶⁰</span> <span class='ocrx_word' id='word_1_237' title='bbox 691 836 744 863; x_wconf 77' lang='lat' dir='ltr'>certa</span> <span class='ocrx_word' id='word_1_238' title='bbox 752 829 786 855; x_wconf 77' lang='lat' dir='ltr'>fir,</span> <span class='ocrx_word' id='word_1_239' title='bbox 797 830 864 879; x_wconf 59' lang='grc' dir='ltr'>ωωίςίὶ</span> <span class='ocrx_word' id='word_1_240' title='bbox 870 830 894 878; x_wconf 59' lang='grc'><strong>3111)</strong></span> <span class='ocrx_word' id='word_1_241' title='bbox 907 828 971 879; x_wconf 60' lang='grc' dir='ltr'>1ιίἷί</span> <span class='ocrx_word' id='word_1_242' title='bbox 970 830 1043 885; x_wconf 46' lang='lat' dir='ltr'>litteris?</span> <span class='ocrx_word' id='word_1_243' title='bbox 1044 845 1048 851; x_wconf 89' lang='lat'><em>.</em></span> <span class='ocrx_word' id='word_1_244' title='bbox 1061 831 1128 852; x_wconf 83' lang='lat' dir='ltr'>Lineas</span> <span class='ocrx_word' id='word_1_245' title='bbox 1139 831 1198 880; x_wconf 52' lang='lat' dir='ltr'>rastas</span> 
     </span>
    </p>

    <p class='ocr_par' dir='ltr' id='par_1_7' title="bbox 357 864 1204 1028">
     <span class='ocr_line' id='line_1_24' title="bbox 357 864 1199 880; baseline -0.001 0"><span class='ocrx_word' id='word_1_246' title='bbox 357 865 359 867; x_wconf 94' lang='lat'>·</span> <span class='ocrx_word' id='word_1_247' title='bbox 392 867 403 880; x_wconf 84' lang='lat' dir='ltr'>e</span> <span class='ocrx_word' id='word_1_248' title='bbox 417 866 470 880; x_wconf 81' lang='lat' dir='ltr'>more</span> <span class='ocrx_word' id='word_1_249' title='bbox 503 866 524 880; x_wconf 92' lang='lat' dir='ltr'>ro</span> <span class='ocrx_word' id='word_1_250' title='bbox 535 866 586 880; x_wconf 81' lang='lat' dir='ltr'>cram</span> <span class='ocrx_word' id='word_1_251' title='bbox 596 874 600 878; x_wconf 94' lang='lat'>.</span> <span class='ocrx_word' id='word_1_252' title='bbox 647 865 701 880; x_wconf 81' lang='lat' dir='ltr'>catur</span> <span class='ocrx_word' id='word_1_253' title='bbox 718 866 723 878; x_wconf 84' lang='grc' dir='ltr'>ι</span> <span class='ocrx_word' id='word_1_254' title='bbox 740 864 779 879; x_wconf 81' lang='lat' dir='ltr'>itur</span> <span class='ocrx_word' id='word_1_255' title='bbox 820 865 830 879; x_wconf 94' lang='lat' dir='ltr'>r</span> <span class='ocrx_word' id='word_1_256' title='bbox 865 865 875 878; x_wconf 92' lang='lat' dir='ltr'>e</span> <span class='ocrx_word' id='word_1_257' title='bbox 892 865 922 880; x_wconf 84' lang='lat' dir='ltr'>am</span> <span class='ocrx_word' id='word_1_258' title='bbox 972 865 1011 879; x_wconf 80' lang='lat' dir='ltr'>otis</span> <span class='ocrx_word' id='word_1_259' title='bbox 1092 865 1121 880; x_wconf 76' lang='lat' dir='ltr'>uae</span> <span class='ocrx_word' id='word_1_260' title='bbox 1136 867 1147 880; x_wconf 85' lang='lat' dir='ltr'>e</span> <span class='ocrx_word' id='word_1_261' title='bbox 1178 865 1199 879; x_wconf 86' lang='lat' dir='ltr'>m</span> 
     </span>
     <span class='ocr_line' id='line_1_25' title="bbox 376 864 1200 916; baseline -0.001 -8"><span class='ocrx_word' id='word_1_262' title='bbox 376 889 446 909; x_wconf 82' lang='lat' dir='ltr'>dextra</span> <span class='ocrx_word' id='word_1_263' title='bbox 460 866 508 908; x_wconf 70' lang='lat' dir='ltr'>tibipa</span> <span class='ocrx_word' id='word_1_264' title='bbox 519 902 525 912; x_wconf 84' lang='lat'>‚</span> <span class='ocrx_word' id='word_1_265' title='bbox 539 888 558 908; x_wconf 76' lang='grc' dir='ltr'>δι</span> <span class='ocrx_word' id='word_1_266' title='bbox 574 893 608 915; x_wconf 86' lang='lat' dir='ltr'>per</span> <span class='ocrx_word' id='word_1_267' title='bbox 623 864 895 914; x_wconf 48' lang='lat' dir='ltr'>Vindemiatgricempslirginis</span> <span class='ocrx_word' id='word_1_268' title='bbox 914 885 967 907; x_wconf 63' lang='lat' dir='ltr'>rehh</span> <span class='ocrx_word' id='word_1_269' title='bbox 982 887 1030 908; x_wconf 87' lang='lat' dir='ltr'>linea</span> <span class='ocrx_word' id='word_1_270' title='bbox 1042 865 1089 912; x_wconf 46' lang='lat' dir='ltr'>:ig</span> <span class='ocrx_word' id='word_1_271' title='bbox 1106 894 1165 916; x_wconf 85' lang='lat' dir='ltr'>quam</span> <span class='ocrx_word' id='word_1_272' title='bbox 1180 888 1200 907; x_wconf 70' lang='grc' dir='ltr'><strong>ἃ</strong></span> 
     </span>
     <span class='ocr_line' id='line_1_26' title="bbox 376 914 1200 944; baseline -0.001 -7"><span class='ocrx_word' id='word_1_273' title='bbox 376 917 427 937; x_wconf 84' lang='lat' dir='ltr'>cadit</span> <span class='ocrx_word' id='word_1_274' title='bbox 437 916 541 937; x_wconf 81' lang='lat' dir='ltr'>Cometes.</span> <span class='ocrx_word' id='word_1_275' title='bbox 555 916 642 936; x_wconf 76' lang='lat' dir='ltr'>Ducatur</span> <span class='ocrx_word' id='word_1_276' title='bbox 651 915 688 936; x_wconf 80' lang='lat' dir='ltr'>alia</span> <span class='ocrx_word' id='word_1_277' title='bbox 699 921 733 943; x_wconf 81' lang='lat' dir='ltr'>per</span> <span class='ocrx_word' id='word_1_278' title='bbox 742 914 850 936; x_wconf 74' lang='grc' dir='ltr'>Ατᾶιιηπιι</span> <span class='ocrx_word' id='word_1_279' title='bbox 863 915 882 936; x_wconf 87' lang='lat'>&amp;</span> <span class='ocrx_word' id='word_1_280' title='bbox 897 922 931 943; x_wconf 85' lang='lat' dir='ltr'>per</span> <span class='ocrx_word' id='word_1_281' title='bbox 948 914 964 937; x_wconf 60' lang='grc' dir='ltr'>δ’</span> <span class='ocrx_word' id='word_1_282' title='bbox 978 915 1079 944; x_wconf 81' lang='lat' dir='ltr'>Virginis,</span> <span class='ocrx_word' id='word_1_283' title='bbox 1093 917 1124 937; x_wconf 89' lang='lat' dir='ltr'>cui</span> <span class='ocrx_word' id='word_1_284' title='bbox 1138 915 1200 936; x_wconf 85' lang='lat' dir='ltr'>lineae</span> 
     </span>
     <span class='ocr_line' id='line_1_27' title="bbox 375 941 1202 972; baseline -0.001 -6"><span class='ocrx_word' id='word_1_285' title='bbox 375 945 470 966; x_wconf 80' lang='lat' dir='ltr'>Cometes</span> <span class='ocrx_word' id='word_1_286' title='bbox 486 945 523 965; x_wconf 81' lang='lat' dir='ltr'>erit</span> <span class='ocrx_word' id='word_1_287' title='bbox 539 943 563 965; x_wconf 78' lang='lat' dir='ltr'>ad</span> <span class='ocrx_word' id='word_1_288' title='bbox 575 943 675 964; x_wconf 83' lang='lat' dir='ltr'>dexteram</span> <span class='ocrx_word' id='word_1_289' title='bbox 687 950 721 971; x_wconf 87' lang='lat' dir='ltr'>per</span> <span class='ocrx_word' id='word_1_290' title='bbox 730 941 860 971; x_wconf 83' lang='lat' dir='ltr'>semigradum</span> <span class='ocrx_word' id='word_1_291' title='bbox 872 944 959 965; x_wconf 78' lang='lat' dir='ltr'>circiter.</span> <span class='ocrx_word' id='word_1_292' title='bbox 972 944 1059 965; x_wconf 82' lang='lat' dir='ltr'>Tertiam</span> <span class='ocrx_word' id='word_1_293' title='bbox 1071 951 1152 972; x_wconf 84' lang='lat' dir='ltr'>quoque</span> <span class='ocrx_word' id='word_1_294' title='bbox 1165 944 1202 965; x_wconf 88' lang='lat' dir='ltr'>du-</span> 
     </span>
     <span class='ocr_line' id='line_1_28' title="bbox 377 971 1204 1001; baseline 0 -8"><span class='ocrx_word' id='word_1_295' title='bbox 377 974 442 995; x_wconf 81' lang='lat' dir='ltr'>ximus</span> <span class='ocrx_word' id='word_1_296' title='bbox 452 979 463 994; x_wconf 86' lang='lat' dir='ltr'>a</span> <span class='ocrx_word' id='word_1_297' title='bbox 475 972 539 993; x_wconf 81' lang='lat' dir='ltr'>lucida</span> <span class='ocrx_word' id='word_1_298' title='bbox 548 972 639 994; x_wconf 85' lang='lat' dir='ltr'>Coronae</span> <span class='ocrx_word' id='word_1_299' title='bbox 650 971 725 993; x_wconf 81' lang='lat' dir='ltr'>Boreae</span> <span class='ocrx_word' id='word_1_300' title='bbox 736 971 760 992; x_wconf 87' lang='lat' dir='ltr'>ad</span> <span class='ocrx_word' id='word_1_301' title='bbox 770 972 850 993; x_wconf 87' lang='lat' dir='ltr'>eandem</span> <span class='ocrx_word' id='word_1_302' title='bbox 861 971 878 993; x_wconf 55' lang='lat' dir='ltr'>A*</span> <span class='ocrx_word' id='word_1_303' title='bbox 888 973 976 1000; x_wconf 76' lang='lat' dir='ltr'>Virginis</span> <span class='ocrx_word' id='word_1_304' title='bbox 985 987 992 998; x_wconf 85' lang='lat'><em>‚</em></span> <span class='ocrx_word' id='word_1_305' title='bbox 1006 979 1046 1001; x_wconf 85' lang='lat' dir='ltr'>qua</span> <span class='ocrx_word' id='word_1_306' title='bbox 1057 972 1105 994; x_wconf 84' lang='lat' dir='ltr'>linea</span> <span class='ocrx_word' id='word_1_307' title='bbox 1117 972 1204 994; x_wconf 76' lang='lat' dir='ltr'>Cometa</span> 
     </span>
     <span class='ocr_line' id='line_1_29' title="bbox 378 999 1030 1028; baseline 0 -6"><span class='ocrx_word' id='word_1_308' title='bbox 378 1008 418 1022; x_wconf 81' lang='lat' dir='ltr'>erat</span> <span class='ocrx_word' id='word_1_309' title='bbox 427 1002 502 1022; x_wconf 81' lang='lat' dir='ltr'>laevior</span> <span class='ocrx_word' id='word_1_310' title='bbox 513 1000 554 1022; x_wconf 83' lang='lat' dir='ltr'>fere</span> <span class='ocrx_word' id='word_1_311' title='bbox 567 1001 692 1024; x_wconf 81' lang='lat' dir='ltr'>tantundem,</span> <span class='ocrx_word' id='word_1_312' title='bbox 705 1006 802 1028; x_wconf 81' lang='lat' dir='ltr'>quantum</span> <span class='ocrx_word' id='word_1_313' title='bbox 812 999 906 1028; x_wconf 83' lang='lat' dir='ltr'>superiori</span> <span class='ocrx_word' id='word_1_314' title='bbox 916 1000 1016 1022; x_wconf 82' lang='lat' dir='ltr'>dexterior</span> <span class='ocrx_word' id='word_1_315' title='bbox 1024 1016 1030 1021; x_wconf 92' lang='lat'>.</span> 
     </span>
    </p>

    <p class='ocr_par' dir='ltr' id='par_1_8' title="bbox 348 1028 1205 1198">
     <span class='ocr_line' id='line_1_30' title="bbox 348 1028 1205 1057; baseline 0 -7"><span class='ocrx_word' id='word_1_316' title='bbox 348 1029 387 1050; x_wconf 83' lang='lat' dir='ltr'>Die</span> <span class='ocrx_word' id='word_1_317' title='bbox 403 1037 421 1057; x_wconf 80' lang='lat'>4.</span> <span class='ocrx_word' id='word_1_318' title='bbox 433 1029 476 1051; x_wconf 73' lang='lat' dir='ltr'>Iulii</span> <span class='ocrx_word' id='word_1_319' title='bbox 492 1029 583 1050; x_wconf 75' lang='lat' dir='ltr'>Sextante</span> <span class='ocrx_word' id='word_1_320' title='bbox 592 1030 647 1050; x_wconf 86' lang='lat' dir='ltr'>cuius</span> <span class='ocrx_word' id='word_1_321' title='bbox 656 1029 722 1050; x_wconf 80' lang='lat' dir='ltr'>radius</span> <span class='ocrx_word' id='word_1_322' title='bbox 731 1029 839 1056; x_wconf 82' lang='lat' dir='ltr'>palmorum</span> <span class='ocrx_word' id='word_1_323' title='bbox 853 1030 930 1050; x_wconf 81' lang='lat' dir='ltr'>circiter</span> <span class='ocrx_word' id='word_1_324' title='bbox 949 1037 960 1055; x_wconf 86' lang='lat'><em>5</em></span> <span class='ocrx_word' id='word_1_325' title='bbox 977 1029 1065 1051; x_wconf 66' lang='lat' dir='ltr'>Arauri·</span> <span class='ocrx_word' id='word_1_326' title='bbox 1074 1028 1205 1050; x_wconf 83' lang='lat' dir='ltr'>elevationem</span> 
     </span>
     <span class='ocr_line' id='line_1_31' title="bbox 379 1056 1204 1085; baseline -0.001 -6"><span class='ocrx_word' id='word_1_327' title='bbox 379 1058 403 1079; x_wconf 89' lang='lat' dir='ltr'>ab</span> <span class='ocrx_word' id='word_1_328' title='bbox 418 1058 521 1079; x_wconf 83' lang='lat' dir='ltr'>horizonte</span> <span class='ocrx_word' id='word_1_329' title='bbox 531 1058 641 1079; x_wconf 86' lang='lat' dir='ltr'>notavimus</span> <span class='ocrx_word' id='word_1_330' title='bbox 646 1071 653 1083; x_wconf 83' lang='lat'>‚</span> <span class='ocrx_word' id='word_1_331' title='bbox 667 1063 716 1085; x_wconf 81' lang='lat' dir='ltr'>quae</span> <span class='ocrx_word' id='word_1_332' title='bbox 727 1063 767 1078; x_wconf 86' lang='lat' dir='ltr'>erat</span> <span class='ocrx_word' id='word_1_333' title='bbox 777 1057 832 1085; x_wconf 85' lang='lat' dir='ltr'>grad.</span> <span class='ocrx_word' id='word_1_334' title='bbox 842 1065 876 1084; x_wconf 83' lang='lat'>45.</span> <span class='ocrx_word' id='word_1_335' title='bbox 891 1064 922 1084; x_wconf 81' lang='grc' dir='ltr'>ις.</span> <span class='ocrx_word' id='word_1_336' title='bbox 934 1057 979 1079; x_wconf 82' lang='lat' dir='ltr'>Post</span> <span class='ocrx_word' id='word_1_337' title='bbox 990 1065 1008 1085; x_wconf 88' lang='lat'>7.</span> <span class='ocrx_word' id='word_1_338' title='bbox 1021 1065 1053 1085; x_wconf 87' lang='lat'>30.</span> <span class='ocrx_word' id='word_1_339' title='bbox 1069 1058 1139 1078; x_wconf 88' lang='lat' dir='ltr'>eodem</span> <span class='ocrx_word' id='word_1_340' title='bbox 1156 1056 1204 1078; x_wconf 86' lang='lat' dir='ltr'>Sex·</span> 
     </span>
     <span class='ocr_line' id='line_1_32' title="bbox 377 1085 1204 1115; baseline -0.001 -8"><span class='ocrx_word' id='word_1_341' title='bbox 377 1092 431 1108; x_wconf 89' lang='lat' dir='ltr'>tante</span> <span class='ocrx_word' id='word_1_342' title='bbox 447 1087 555 1107; x_wconf 80' lang='lat' dir='ltr'>invenimus</span> <span class='ocrx_word' id='word_1_343' title='bbox 573 1085 679 1107; x_wconf 88' lang='lat' dir='ltr'>Cometam</span> <span class='ocrx_word' id='word_1_344' title='bbox 694 1085 762 1106; x_wconf 85' lang='lat' dir='ltr'>distare</span> <span class='ocrx_word' id='word_1_345' title='bbox 771 1092 783 1106; x_wconf 81' lang='lat' dir='ltr'>a</span> <span class='ocrx_word' id='word_1_346' title='bbox 793 1085 862 1107; x_wconf 85' lang='lat' dir='ltr'>Corde</span> <span class='ocrx_word' id='word_1_347' title='bbox 874 1086 949 1115; x_wconf 86' lang='lat' dir='ltr'>Scorpii</span> <span class='ocrx_word' id='word_1_348' title='bbox 962 1092 991 1114; x_wconf 80' lang='lat' dir='ltr'>gr¹</span> <span class='ocrx_word' id='word_1_349' title='bbox 1005 1088 1036 1112; x_wconf 79' lang='lat'>5⁶-</span> <span class='ocrx_word' id='word_1_350' title='bbox 1047 1093 1067 1106; x_wconf 88' lang='lat' dir='ltr'>o.</span> <span class='ocrx_word' id='word_1_351' title='bbox 1080 1085 1124 1106; x_wconf 86' lang='lat' dir='ltr'>Post</span> <span class='ocrx_word' id='word_1_352' title='bbox 1133 1086 1170 1107; x_wconf 88' lang='lat' dir='ltr'>alia</span> <span class='ocrx_word' id='word_1_353' title='bbox 1184 1093 1204 1113; x_wconf 85' lang='lat'>3.</span> 
     </span>
     <span class='ocr_line' id='line_1_33' title="bbox 380 1113 1203 1143; baseline 0 -8"><span class='ocrx_word' id='word_1_354' title='bbox 380 1115 412 1140; x_wconf 86' lang='lat'>58.</span> <span class='ocrx_word' id='word_1_355' title='bbox 430 1114 513 1135; x_wconf 85' lang='lat' dir='ltr'>Cometa</span> <span class='ocrx_word' id='word_1_356' title='bbox 530 1114 612 1135; x_wconf 75' lang='lat' dir='ltr'>distabat</span> <span class='ocrx_word' id='word_1_357' title='bbox 628 1120 639 1134; x_wconf 90' lang='lat' dir='ltr'>a</span> <span class='ocrx_word' id='word_1_358' title='bbox 654 1113 718 1135; x_wconf 84' lang='lat' dir='ltr'>lucida</span> <span class='ocrx_word' id='word_1_359' title='bbox 729 1113 822 1135; x_wconf 80' lang='lat' dir='ltr'>Coronae</span> <span class='ocrx_word' id='word_1_360' title='bbox 840 1115 911 1135; x_wconf 86' lang='lat' dir='ltr'>Boreae</span> <span class='ocrx_word' id='word_1_361' title='bbox 925 1122 955 1143; x_wconf 87' lang='lat' dir='ltr'>gr.</span> <span class='ocrx_word' id='word_1_362' title='bbox 969 1121 1000 1140; x_wconf 88' lang='lat' dir='ltr'>a5.</span> <span class='ocrx_word' id='word_1_363' title='bbox 1017 1122 1050 1140; x_wconf 84' lang='lat'>40.</span> <span class='ocrx_word' id='word_1_364' title='bbox 1063 1114 1116 1135; x_wconf 88' lang='lat' dir='ltr'>Inito</span> <span class='ocrx_word' id='word_1_365' title='bbox 1127 1115 1203 1135; x_wconf 75' lang='lat' dir='ltr'>calculo</span> 
     </span>
     <span class='ocr_line' id='line_1_34' title="bbox 377 1140 1201 1170; baseline 0 -7"><span class='ocrx_word' id='word_1_366' title='bbox 377 1143 478 1170; x_wconf 83' lang='lat' dir='ltr'>comperio</span> <span class='ocrx_word' id='word_1_367' title='bbox 492 1142 594 1164; x_wconf 88' lang='lat' dir='ltr'>Cometam</span> <span class='ocrx_word' id='word_1_368' title='bbox 611 1140 648 1163; x_wconf 78' lang='lat' dir='ltr'>eise</span> <span class='ocrx_word' id='word_1_369' title='bbox 663 1143 683 1163; x_wconf 92' lang='lat' dir='ltr'>in</span> <span class='ocrx_word' id='word_1_370' title='bbox 697 1148 727 1170; x_wconf 78' lang='lat' dir='ltr'>gr.</span> <span class='ocrx_word' id='word_1_371' title='bbox 746 1149 778 1168; x_wconf 78' lang='grc' dir='ltr'>ις.</span> <span class='ocrx_word' id='word_1_372' title='bbox 790 1149 822 1170; x_wconf 80' lang='lat'>3⁴·</span> <span class='ocrx_word' id='word_1_373' title='bbox 838 1149 868 1164; x_wconf 83' lang='lat'>12.</span> <span class='ocrx_word' id='word_1_374' title='bbox 883 1142 946 1164; x_wconf 81' lang='lat' dir='ltr'>librae</span> <span class='ocrx_word' id='word_1_375' title='bbox 958 1149 1002 1164; x_wconf 84' lang='lat' dir='ltr'>cum</span> <span class='ocrx_word' id='word_1_376' title='bbox 1018 1142 1121 1165; x_wconf 81' lang='lat' dir='ltr'>latitudine</span> <span class='ocrx_word' id='word_1_377' title='bbox 1139 1143 1201 1164; x_wconf 77' lang='lat' dir='ltr'>Borea</span> 
     </span>
     <span class='ocr_line' id='line_1_35' title="bbox 378 1172 596 1198; baseline -0.005 -6"><span class='ocrx_word' id='word_1_378' title='bbox 378 1172 473 1198; x_wconf 84' lang='lat' dir='ltr'>graduum</span> <span class='ocrx_word' id='word_1_379' title='bbox 485 1176 518 1196; x_wconf 83' lang='lat'>²3·</span> <span class='ocrx_word' id='word_1_380' title='bbox 533 1178 551 1197; x_wconf 83' lang='lat'>7.</span> <span class='ocrx_word' id='word_1_381' title='bbox 564 1172 596 1197; x_wconf 77' lang='lat'>3⁶·</span> 
     </span>
    </p>

    <p class='ocr_par' dir='ltr' id='par_1_9' title="bbox 350 1198 1205 1335">
     <span class='ocr_line' id='line_1_36' title="bbox 350 1198 1202 1227; baseline -0.001 -7"><span class='ocrx_word' id='word_1_382' title='bbox 350 1199 387 1220; x_wconf 88' lang='lat' dir='ltr'>Die</span> <span class='ocrx_word' id='word_1_383' title='bbox 402 1207 421 1224; x_wconf 81' lang='grc' dir='ltr'>ς.</span> <span class='ocrx_word' id='word_1_384' title='bbox 437 1199 482 1220; x_wconf 84' lang='lat' dir='ltr'>Iulii</span> <span class='ocrx_word' id='word_1_385' title='bbox 494 1206 513 1220; x_wconf 87' lang='lat' dir='ltr'>n.</span> <span class='ocrx_word' id='word_1_386' title='bbox 524 1199 545 1220; x_wconf 79' lang='lat' dir='ltr'>fl.</span> <span class='ocrx_word' id='word_1_387' title='bbox 555 1200 610 1220; x_wconf 83' lang='lat' dir='ltr'>Hora</span> <span class='ocrx_word' id='word_1_388' title='bbox 624 1204 644 1223; x_wconf 81' lang='lat'>9.</span> <span class='ocrx_word' id='word_1_389' title='bbox 660 1205 691 1225; x_wconf 83' lang='lat'>¹7·</span> <span class='ocrx_word' id='word_1_390' title='bbox 704 1199 747 1227; x_wconf 82' lang='lat' dir='ltr'>post</span> <span class='ocrx_word' id='word_1_391' title='bbox 761 1198 870 1220; x_wconf 80' lang='lat' dir='ltr'>meridiem.</span> <span class='ocrx_word' id='word_1_392' title='bbox 880 1199 965 1221; x_wconf 72' lang='lat' dir='ltr'>Cometa</span> <span class='ocrx_word' id='word_1_393' title='bbox 976 1200 1002 1221; x_wconf 83' lang='lat' dir='ltr'>est</span> <span class='ocrx_word' id='word_1_394' title='bbox 1014 1200 1033 1220; x_wconf 90' lang='lat' dir='ltr'>in</span> <span class='ocrx_word' id='word_1_395' title='bbox 1045 1198 1141 1221; x_wconf 86' lang='lat' dir='ltr'>concursu</span> <span class='ocrx_word' id='word_1_396' title='bbox 1155 1198 1202 1220; x_wconf 87' lang='lat' dir='ltr'>dua-</span> 
     </span>
     <span class='ocr_line' id='line_1_37' title="bbox 377 1227 1203 1255; baseline -0.001 -7"><span class='ocrx_word' id='word_1_397' title='bbox 377 1234 420 1249; x_wconf 79' lang='lat' dir='ltr'>rum</span> <span class='ocrx_word' id='word_1_398' title='bbox 433 1228 530 1249; x_wconf 69' lang='lat' dir='ltr'>rectarum</span> <span class='ocrx_word' id='word_1_399' title='bbox 539 1242 545 1252; x_wconf 91' lang='lat'>,</span> <span class='ocrx_word' id='word_1_400' title='bbox 560 1233 642 1255; x_wconf 87' lang='lat' dir='ltr'>quarum</span> <span class='ocrx_word' id='word_1_401' title='bbox 657 1234 695 1248; x_wconf 84' lang='lat' dir='ltr'>una</span> <span class='ocrx_word' id='word_1_402' title='bbox 708 1227 787 1249; x_wconf 78' lang='lat' dir='ltr'>ducitur</span> <span class='ocrx_word' id='word_1_403' title='bbox 801 1233 812 1248; x_wconf 86' lang='lat' dir='ltr'>a</span> <span class='ocrx_word' id='word_1_404' title='bbox 826 1227 889 1249; x_wconf 87' lang='lat' dir='ltr'>lucida</span> <span class='ocrx_word' id='word_1_405' title='bbox 904 1228 996 1250; x_wconf 78' lang='lat' dir='ltr'>Coronae</span> <span class='ocrx_word' id='word_1_406' title='bbox 1005 1227 1080 1249; x_wconf 82' lang='lat' dir='ltr'>Boreae</span> <span class='ocrx_word' id='word_1_407' title='bbox 1091 1227 1115 1249; x_wconf 84' lang='lat' dir='ltr'>ad</span> <span class='ocrx_word' id='word_1_408' title='bbox 1131 1227 1203 1248; x_wconf 84' lang='lat' dir='ltr'>stellam</span> 
     </span>
     <span class='ocr_line' id='line_1_38' title="bbox 378 1254 1204 1281; baseline 0 -6"><span class='ocrx_word' id='word_1_409' title='bbox 378 1261 391 1279; x_wconf 60' lang='grc' dir='ltr'>ει</span> <span class='ocrx_word' id='word_1_410' title='bbox 407 1256 426 1276; x_wconf 89' lang='lat' dir='ltr'>in</span> <span class='ocrx_word' id='word_1_411' title='bbox 446 1254 517 1276; x_wconf 73' lang='lat' dir='ltr'>sinistra</span> <span class='ocrx_word' id='word_1_412' title='bbox 531 1255 577 1276; x_wconf 85' lang='lat' dir='ltr'>tibia</span> <span class='ocrx_word' id='word_1_413' title='bbox 592 1254 676 1279; x_wconf 85' lang='lat' dir='ltr'>Bootis,</span> <span class='ocrx_word' id='word_1_414' title='bbox 690 1256 749 1277; x_wconf 83' lang='lat' dir='ltr'>altera</span> <span class='ocrx_word' id='word_1_415' title='bbox 766 1262 814 1277; x_wconf 85' lang='lat' dir='ltr'>vero</span> <span class='ocrx_word' id='word_1_416' title='bbox 828 1262 839 1276; x_wconf 83' lang='lat' dir='ltr'>a</span> <span class='ocrx_word' id='word_1_417' title='bbox 853 1256 917 1277; x_wconf 75' lang='lat' dir='ltr'>lucida</span> <span class='ocrx_word' id='word_1_418' title='bbox 928 1256 988 1278; x_wconf 77' lang='lat' dir='ltr'>lancis</span> <span class='ocrx_word' id='word_1_419' title='bbox 1003 1256 1077 1281; x_wconf 75' lang='lat' dir='ltr'>Boreae</span> <span class='ocrx_word' id='word_1_420' title='bbox 1090 1256 1114 1276; x_wconf 87' lang='lat' dir='ltr'>ad</span> <span class='ocrx_word' id='word_1_421' title='bbox 1129 1255 1204 1276; x_wconf 85' lang='lat' dir='ltr'>stellam</span> 
     </span>
     <span class='ocr_line' id='line_1_39' title="bbox 379 1282 1205 1312; baseline -0.001 -7"><span class='ocrx_word' id='word_1_422' title='bbox 379 1282 475 1305; x_wconf 80' lang='lat' dir='ltr'>secundae</span> <span class='ocrx_word' id='word_1_423' title='bbox 489 1283 628 1312; x_wconf 82' lang='lat' dir='ltr'>magnitudinis</span> <span class='ocrx_word' id='word_1_424' title='bbox 643 1283 745 1305; x_wconf 82' lang='lat' dir='ltr'>informem</span> <span class='ocrx_word' id='word_1_425' title='bbox 760 1290 809 1311; x_wconf 78' lang='lat' dir='ltr'>quae</span> <span class='ocrx_word' id='word_1_426' title='bbox 823 1284 850 1305; x_wconf 87' lang='lat' dir='ltr'>est</span> <span class='ocrx_word' id='word_1_427' title='bbox 864 1285 915 1306; x_wconf 84' lang='lat' dir='ltr'>inter</span> <span class='ocrx_word' id='word_1_428' title='bbox 929 1284 1015 1307; x_wconf 87' lang='lat' dir='ltr'>Bootem</span> <span class='ocrx_word' id='word_1_429' title='bbox 1031 1300 1037 1310; x_wconf 85' lang='lat'><em>,</em></span> <span class='ocrx_word' id='word_1_430' title='bbox 1056 1284 1142 1305; x_wconf 68' lang='lat' dir='ltr'>Helicen:</span> <span class='ocrx_word' id='word_1_431' title='bbox 1156 1297 1164 1310; x_wconf 90' lang='lat'><em>,</em></span> <span class='ocrx_word' id='word_1_432' title='bbox 1184 1284 1205 1304; x_wconf 72' lang='grc' dir='ltr'>δε</span> 
     </span>
     <span class='ocr_line' id='line_1_40' title="bbox 378 1311 1066 1335; baseline 0 -2"><span class='ocrx_word' id='word_1_433' title='bbox 378 1313 463 1334; x_wconf 84' lang='lat' dir='ltr'>eomam</span> <span class='ocrx_word' id='word_1_434' title='bbox 479 1311 593 1333; x_wconf 73' lang='lat' dir='ltr'>Berenices.</span> <span class='ocrx_word' id='word_1_435' title='bbox 606 1312 699 1333; x_wconf 84' lang='lat' dir='ltr'>Sexranre</span> <span class='ocrx_word' id='word_1_436' title='bbox 714 1313 742 1333; x_wconf 88' lang='lat' dir='ltr'>uti</span> <span class='ocrx_word' id='word_1_437' title='bbox 756 1312 793 1333; x_wconf 88' lang='lat' dir='ltr'>hac</span> <span class='ocrx_word' id='word_1_438' title='bbox 807 1313 865 1334; x_wconf 68' lang='lat' dir='ltr'>nocte</span> <span class='ocrx_word' id='word_1_439' title='bbox 879 1312 945 1335; x_wconf 87' lang='lat' dir='ltr'>darum</span> <span class='ocrx_word' id='word_1_440' title='bbox 961 1320 999 1334; x_wconf 91' lang='lat' dir='ltr'>non</span> <span class='ocrx_word' id='word_1_441' title='bbox 1014 1312 1066 1334; x_wconf 85' lang='lat' dir='ltr'>fuit.</span> 
     </span>
    </p>

    <p class='ocr_par' dir='ltr' id='par_1_10' title="bbox 378 1338 1204 1514">
     <span class='ocr_line' id='line_1_41' title="bbox 406 1338 1203 1369; baseline 0 -8"><span class='ocrx_word' id='word_1_442' title='bbox 406 1340 481 1361; x_wconf 85' lang='lat' dir='ltr'>Interea</span> <span class='ocrx_word' id='word_1_443' title='bbox 500 1340 610 1361; x_wconf 80' lang='lat' dir='ltr'>Sextantem</span> <span class='ocrx_word' id='word_1_444' title='bbox 630 1340 741 1369; x_wconf 84' lang='lat' dir='ltr'>longiorem</span> <span class='ocrx_word' id='word_1_445' title='bbox 760 1340 902 1362; x_wconf 80' lang='lat' dir='ltr'>construxeram</span> <span class='ocrx_word' id='word_1_446' title='bbox 917 1348 923 1364; x_wconf 66' lang='grc' dir='ltr'>ε</span> <span class='ocrx_word' id='word_1_447' title='bbox 938 1348 1006 1363; x_wconf 83' lang='lat' dir='ltr'>verum</span> <span class='ocrx_word' id='word_1_448' title='bbox 1020 1341 1066 1369; x_wconf 83' lang='lat' dir='ltr'>quia</span> <span class='ocrx_word' id='word_1_449' title='bbox 1080 1339 1143 1362; x_wconf 84' lang='lat' dir='ltr'>fulcro</span> <span class='ocrx_word' id='word_1_450' title='bbox 1157 1338 1203 1362; x_wconf 84' lang='lat' dir='ltr'>satis</span> 
     </span>
     <span class='ocr_line' id='line_1_42' title="bbox 378 1368 1204 1425; baseline 0 -7"><span class='ocrx_word' id='word_1_451' title='bbox 378 1368 1031 1425; x_wconf 51' lang='lat' dir='ltr'>{izgssffniff‘ffsffizffssg„⁹?‚ziz‘r21z0hstn&#39;12‘23223{³3:23}ssss</span> <span class='ocrx_word' id='word_1_452' title='bbox 1038 1369 1158 1424; x_wconf 57' lang='grc' dir='ltr'>ἳὲῗὲῗξ</span> <span class='ocrx_word' id='word_1_453' title='bbox 1171 1369 1204 1423; x_wconf 64' lang='grc' dir='ltr'><em>ξῖ</em></span> 
     </span>
     <span class='ocr_line' id='line_1_43' title="bbox 378 1425 1202 1454; baseline -0.002 -7"><span class='ocrx_word' id='word_1_454' title='bbox 378 1426 422 1454; x_wconf 82' lang='lat' dir='ltr'>post</span> <span class='ocrx_word' id='word_1_455' title='bbox 436 1425 536 1446; x_wconf 83' lang='lat' dir='ltr'>meridiem</span> <span class='ocrx_word' id='word_1_456' title='bbox 552 1425 625 1454; x_wconf 80' lang='lat' dir='ltr'>absque</span> <span class='ocrx_word' id='word_1_457' title='bbox 638 1426 736 1447; x_wconf 75' lang='lat' dir='ltr'>sextantis</span> <span class='ocrx_word' id='word_1_458' title='bbox 751 1433 790 1454; x_wconf 85' lang='lat' dir='ltr'>ope</span> <span class='ocrx_word' id='word_1_459' title='bbox 803 1433 838 1454; x_wconf 92' lang='lat' dir='ltr'>per</span> <span class='ocrx_word' id='word_1_460' title='bbox 853 1427 951 1448; x_wconf 82' lang='lat' dir='ltr'>reticulam</span> <span class='ocrx_word' id='word_1_461' title='bbox 966 1426 1064 1448; x_wconf 85' lang='lat' dir='ltr'>Cometae</span> <span class='ocrx_word' id='word_1_462' title='bbox 1077 1425 1133 1447; x_wconf 80' lang='lat' dir='ltr'>firum</span> <span class='ocrx_word' id='word_1_463' title='bbox 1149 1426 1202 1447; x_wconf 81' lang='lat' dir='ltr'>inve-</span> 
     </span>
     <span class='ocr_line' id='line_1_44' title="bbox 378 1453 1202 1483; baseline 0.001 -8"><span class='ocrx_word' id='word_1_464' title='bbox 378 1455 410 1475; x_wconf 88' lang='lat' dir='ltr'>ni:</span> <span class='ocrx_word' id='word_1_465' title='bbox 419 1453 524 1481; x_wconf 79' lang='lat' dir='ltr'>apparebat</span> <span class='ocrx_word' id='word_1_466' title='bbox 538 1456 589 1475; x_wconf 87' lang='lat' dir='ltr'>enim</span> <span class='ocrx_word' id='word_1_467' title='bbox 604 1460 641 1475; x_wconf 86' lang='lat' dir='ltr'>una</span> <span class='ocrx_word' id='word_1_468' title='bbox 655 1460 700 1475; x_wconf 87' lang='lat' dir='ltr'>curn</span> <span class='ocrx_word' id='word_1_469' title='bbox 715 1454 804 1476; x_wconf 74' lang='lat' dir='ltr'>Arcturo</span> <span class='ocrx_word' id='word_1_470' title='bbox 812 1456 843 1480; x_wconf 71' lang='grc' dir='ltr'>,δι</span> <span class='ocrx_word' id='word_1_471' title='bbox 857 1455 933 1476; x_wconf 83' lang='lat' dir='ltr'>duabus</span> <span class='ocrx_word' id='word_1_472' title='bbox 947 1454 995 1476; x_wconf 84' lang='lat' dir='ltr'>fixis</span> <span class='ocrx_word' id='word_1_473' title='bbox 1010 1461 1071 1483; x_wconf 85' lang='lat' dir='ltr'>prope</span> <span class='ocrx_word' id='word_1_474' title='bbox 1086 1454 1202 1476; x_wconf 63' lang='lat' dir='ltr'>Arcturum,</span> 
     </span>
     <span class='ocr_line' id='line_1_45' title="bbox 378 1482 1203 1514; baseline -0.002 -9"><span class='ocrx_word' id='word_1_475' title='bbox 378 1482 452 1514; x_wconf 78' lang='lat' dir='ltr'>quibus</span> <span class='ocrx_word' id='word_1_476' title='bbox 464 1483 524 1504; x_wconf 83' lang='lat' dir='ltr'>etiam</span> <span class='ocrx_word' id='word_1_477' title='bbox 534 1489 558 1504; x_wconf 82' lang='lat' dir='ltr'>ex</span> <span class='ocrx_word' id='word_1_478' title='bbox 569 1482 701 1511; x_wconf 73' lang='lat' dir='ltr'>Praeceptoris</span> <span class='ocrx_word' id='word_1_479' title='bbox 711 1485 751 1506; x_wconf 85' lang='lat' dir='ltr'>mei</span> <span class='ocrx_word' id='word_1_480' title='bbox 765 1484 857 1506; x_wconf 76' lang='lat' dir='ltr'>institutis</span> <span class='ocrx_word' id='word_1_481' title='bbox 871 1482 978 1511; x_wconf 83' lang='lat' dir='ltr'>quidquam</span> <span class='ocrx_word' id='word_1_482' title='bbox 990 1482 1014 1505; x_wconf 89' lang='lat' dir='ltr'>de</span> <span class='ocrx_word' id='word_1_483' title='bbox 1026 1484 1125 1508; x_wconf 71' lang='lat' dir='ltr'>Cometa:</span> <span class='ocrx_word' id='word_1_484' title='bbox 1131 1482 1203 1504; x_wconf 64' lang='lat' dir='ltr'>dinan-</span> 
     </span>
    </p>

    <p class='ocr_par' dir='ltr' id='par_1_11' title="bbox 1145 1517 1173 1533">
     <span class='ocr_line' id='line_1_46' title="bbox 1145 1517 1173 1533; baseline -0.071 0"><span class='ocrx_word' id='word_1_485' title='bbox 1145 1517 1173 1533; x_wconf 74' lang='lat' dir='ltr'>tia</span> 
     </span>
    </p>
   </div>
   <div class='ocr_carea' id='block_1_3' title="bbox 1251 595 1267 1286">
    <p class='ocr_par' dir='ltr' id='par_1_12' title="bbox 1251 595 1267 1286">
     <span class='ocr_line' id='line_1_47' title="bbox 1251 595 1267 1286; baseline 0 0"><span class='ocrx_word' id='word_1_486' title='bbox 1251 595 1267 1286; x_wconf 95' lang='lat' dir='ltr'> </span> 
     </span>
    </p>
   </div>
  </div>
 </body>
</html>
