1273 1842
319 193 374 233 star
382 192 529 223 carbunculi
536 194 564 223 in
573 192 745 233 ipfis‘tenebris
761 193 849 223 micen
863 193 1121 234 Praeterquamssquod
1132 196 1155 224 is

324 241 381 262 erat
387 234 507 273 familiae
516 241 576 263 tuae
580 233 697 272 splendor
705 254 715 268 ‚
731 232 763 263 Εἴ
775 235 898 262 maiorum
909 234 1093 273 tuorumgloria
1101 256 1110 269 ,
1120 234 1155 270 εἴ

320 274 452 312 praeclara
461 272 554 302 indoles
561 280 608 302 tua
615 295 623 306 ,
631 283 694 312 quae
704 281 728 301 te
735 282 752 301 a
756 274 845 311 primis
856 273 933 313 usque
939 275 1016 302 annis
1023 275 1051 302 in
1058 274 1154 313 excelsa

323 312 430 352 quodam
441 312 475 342 65
479 313 605 351 conspicuo
609 313 659 341 loco
665 312 817 340 collocarunt
826 333 835 345 ,
842 320 873 341 ut
879 312 984 352 quiquid
989 322 1069 352 ageres
1077 313 1152 349 laude

322 352 425 391 dignum
433 369 442 384 ,
458 352 534 380 latere
546 353 644 380 omnino
655 362 704 379 non
714 351 805 390 poffet·
822 351 1001 387 Sapientiffime
1016 354 1101 391 itaque
1104 353 1153 392 fa-

322 394 389 419 dium
391 393 448 431 fuit
455 389 486 418 ab
495 390 610 429 Auguft'o
621 390 712 419 Veneto
721 393 816 418 Senatu
824 411 833 422 ‚
842 401 898 419 cum
904 398 994 419 tantae
994 392 1052 430 spei
1059 392 1152 420 Adole-

317 431 428 470 scentem
439 451 448 463 ,
460 431 512 458 vix
524 430 584 457 dum
598 437 655 469 toga
662 430 795 468 senatoria
804 431 907 469 sumta,
923 429 957 458 ad
974 431 1061 468 Remp.
1072 430 1153 463 admi-

319 469 471 508 mstrandam
479 468 592 508 adscivit
597 490 605 502 ‚
613 479 714 508 eumque
719 470 770 497 vix
776 468 836 498 dum
844 479 939 498 annum
946 471 1063 498 oliavum
1071 469 1103 500 Εἴ
1108 472 1153 499 vi-

316 510 432 548 gesimum
440 516 550 547 agentem
558 508 623 546 apud
630 508 731 537 Galliae
737 510 826 548 Regem
835 508 952 548 legatione
954 509 1035 548 fungi
1045 509 1153 537 manda-

319 550 377 576 vit.
389 548 454 587 quod
467 558 558 576 munus
572 558 627 576 cum
634 548 732 586 semper
743 557 825 588 grave
840 547 872 578 Εἴ
880 547 977 587 difficile
983 547 1094 579 habitum
1103 552 1134 587 est
1143 569 1153 582 ,

319 595 375 616 tum
383 589 493 615 maxime
501 586 609 616 arduum
624 586 656 618 Εἴ
666 587 829 626 periculosum
837 586 885 615 tibi
896 588 981 617 evenit
987 590 1086 626 propter
1097 588 1152 616 illa-

318 638 375 655 rum
383 635 517 664 temporum
525 625 698 665 difficultates,
706 625 794 665 quibus
804 627 952 655 acerrimum
960 626 1023 655 illud
1032 629 1061 655 in
1075 627 1153 655 Italia

319 665 407 695 bellum
419 666 551 704 exarserat
559 687 569 700 ,
584 676 631 705 quo
641 673 719 703 paene
728 672 783 694 tota
792 666 968 705 conflagravit-
979 665 1052 706 Qd
1063 673 1113 694 toto
1124 676 1151 694 eo

311 706 399 744 spatio
406 706 522 743 temporis
528 714 574 743 pro
583 704 678 743 Repub.
683 705 758 743 egeris
766 725 775 738 ,
782 714 843 743 quos
856 703 949 733 labores
957 705 1134 733 exantlaveris
1143 726 1153 739 ,

316 754 380 784 quas
382 741 544 783 superaveris
550 743 706 783 difficultates
712 764 721 776 ‚
727 754 775 772 mm
783 744 813 782 est
820 743 893 772 huius
897 744 945 772 loci
950 754 1136 773 commemorare
1142 763 1152 773 0

317 783 385 812 Illud
398 782 487 821 dixiffe
498 782 621 823 sufficiat,
632 790 658 810 te
670 784 839 822 integritatem
853 782 1020 821 tuam,fidem
1030 783 1152 822 ,pruden-

318 824 383 851 tiam
387 821 495 861 probaffe
503 823 547 860 ipsi
554 823 616 861 Regi
623 821 823 860 Christiamffimo
829 843 838 855 ,
845 823 975 861 Regiifique
980 823 1098 861 ministris
1103 843 1112 856 ,
1117 821 1151 852 ξδ’

316 862 434 930 ranivel?
440 861 479 889 illi
482 861 570 900 populo
575 882 583 894 ,
592 871 697 900 quorum
704 860 751 889 tibi
755 862 865 890 omnium
871 862 1075 895 admirationem,
1084 872 1152 896 amo-

318 912 369 931 rem
378 923 386 935 ‚
415 900 536 939 siderium
542 901 604 929 mire
610 900 757 939 conciliasti,·
761 900 869 940 probaffe
878 901 970 931 Veneto
978 903 1084 930 Senatui
1092 922 1101 935 ‚
1106 902 1152 940 qui

318 941 350 971 Εἴ
358 939 602 979 honoroficentiffimis
609 939 694 969 verbis
702 941 821 969 iudicium
827 942 857 970 de
864 948 889 969 te
890 940 969 980 suum
973 942 1093 979 patefecit
1101 961 1110 974 ‚
1117 939 1151 970 (5

318 991 335 1009 a
343 980 436 1009 Galliis
444 978 557 1008 reducem
564 987 686 1008 oratorem
700 981 790 1008 ffatim
799 980 833 1008 ad
844 982 986 1009 Romanum
1004 980 1151 1018 Pontificem

318 1019 444 1058 delegavit
452 1041 461 1049 .
480 1018 545 1058 quod
552 1017 656 1057 officium
662 1018 722 1047 dum
727 1020 786 1056 pari
794 1019 958 1058 prudentiae,
971 1020 1108 1057 aequitatis
1117 1018 1150 1048 &⁴¹

312 1057 496 1098 sollicitudinis
509 1058 580 1086 laude
588 1079 597 1091 ,
603 1064 657 1086 tota
665 1058 732 1088 Urbe
736 1058 871 1096 plaudente
881 1080 891 1092 ,
897 1057 974 1087 obires
979 1080 988 1092 ,
997 1057 1045 1086 tibi
1053 1068 1107 1087 eam
1112 1057 1152 1086 di-

332 1099 438 1126 nitatem
444 1098 598 1136 promeruit,
608 1107 659 1136 qua
668 1098 720 1136 post
732 1098 857 1127 Ducalem
869 1098 979 1127 Venetiis
990 1097 1062 1126 nulla
1068 1099 1150 1125 maior

313 1109 419 1166 {abetur
435 1138 502 1166 inter
508 1141 654 1175 perpetuas,
667 1145 697 1164 ut
704 1136 804 1175 stilicet
814 1138 944 1166 innumero
954 1138 1149 1166 Procuratorum

318 1176 399 1205 Aedis
408 1176 446 1204 D.
452 1176 545 1205 Marci
549 1176 710 1214 cooptareris.
724 1181 796 1205 cuius
806 1176 941 1215 dignitatis
951 1198 959 1209 ‚
963 1176 1065 1214 summa
1074 1176 1149 1204 Vme-

317 1217 413 1244 tiarum
421 1216 539 1243 civitatis
542 1215 714 1253 gratulatione
722 1236 730 1248 ,
735 1214 768 1244 (ἔ
774 1217 885 1244 onmium
892 1214 980 1254 ubique
985 1216 1027 1245 tui
1029 1214 1150 1252 studi'osb-

317 1265 375 1283 rum
382 1264 437 1282 cum
446 1255 538 1292 ingenti
543 1254 637 1292 gaudio
643 1275 651 1287 ,
659 1253 726 1282 haud
736 1255 773 1282 ita
779 1254 876 1292 pridem
883 1253 1014 1294 insignibus
1020 1254 1149 1282 decoratus

317 1304 343 1322 es
350 1312 359 1320 -
378 1295 404 1321 F
404 1294 445 1321 uit
455 1300 539 1321 autem
553 1295 597 1327 (ut
602 1293 804 1331 coniicerefacile
812 1296 843 1332 ‘st
855 1295 864 1324 )
875 1303 904 1322 ea
912 1292 1149 1332 sapientffmorum

318 1332 418 1362 illorum
431 1333 616 1360 Patr-ummens
630 1333 657 1359 in
665 1331 709 1360 hoc
721 1330 769 1360 tibi
775 1332 863 1361 bonore
872 1331 1018 1371 conferendo
1028 1342 1091 1364 ,non
1100 1338 1131 1359 ut
1140 1352 1152 1365 ‚

316 1371 454 1409 praeclaris
462 1379 508 1409 pro
523 1372 585 1409 Rep.
598 1371 649 1399 iam
662 1370 794 1410 defunilus
814 1370 952 1405 laboribus,
966 1370 1090 1410 reliquum
1102 1371 1148 1398 vi-

316 1418 359 1438 tae
359 1411 475 1449 spatium
481 1409 548 1438 domi
551 1408 640 1448 sedens
645 1411 729 1438 incutio
736 1410 840 1450 glorioso
847 1411 1000 1450 transigens,
1010 1420 1100 1438 verum
1107 1417 1148 1445 ut,

317 1448 525 1479 extraordinarm
537 1457 610 1488 prius
620 1449 654 1477 ad
666 1450 755 1489 Regem
768 1450 901 1490 utriusque
910 1445 1146 1507 siciliae'Cazolum

1083 1493 1119 1515 gl·
