1273 1842
368 209 418 235 2²8
495 203 497 207 “
631 196 927 238 oasznvnrromzs

333 282 383 310 3723
637 277 662 297 M
675 276 697 297 D
710 276 728 299 C
742 277 760 297 C
774 277 793 297 X
806 276 827 296 X
840 277 872 299 V·

395 333 415 353 Ie
430 338 442 352 2
457 332 539 354 Ianuarii
554 332 645 354 meridies
659 338 701 355 not.
714 332 758 354 hor.
773 339 792 354 0.
810 339 827 353 1.
841 339 880 359 24.

410 362 450 382 Die
464 367 474 386 3
490 362 572 382 Ianuarii
586 361 675 383 uitridies
689 367 730 382 not.
745 360 787 382 hor.
800 368 821 382 0.
832 368 851 387 3.
862 367 887 382 ο.

366 413 368 415 ‚
385 390 444 410 Nost
457 388 510 417 sequ.
520 390 580 415 Sirius
590 389 614 411 ad
624 390 642 410 A
653 397 677 411 ex
686 390 703 410 B
713 395 754 410 nor.
765 389 809 411 hor.
823 396 854 411 11.
865 396 896 416 29.
908 395 945 416 23.

330 418 370 438 Die
400 425 414 443 4
428 418 511 440 Ianuarii
526 418 615 439 meridies
626 424 667 440 not.
678 418 721 439 hor.
729 423 750 438 ο.
762 425 782 444 4.
794 424 819 444 4¹
827 434 833 439 .

387 446 447 467 No&-
460 445 513 474 sequ.
524 447 584 467 Sirius
597 447 621 468 ad
633 447 652 467 A
662 453 686 467 ex
698 447 715 467 B
727 451 769 467 not.
781 446 825 468 hor.
838 453 869 467 n.
880 448 913 467 26.
928 453 952 473 35
960 462 965 468 .

329 476 371 496 Die
401 481 410 499 5
427 475 510 496 Ianuarii
524 475 581 496 noste
593 474 648 504 sequ:
659 475 720 496 Sirius
731 474 761 495 ad·
769 477 788 495 A
798 482 822 496 ex
832 476 849 495 B
860 481 901 496 not.
913 475 956 496 h'or.
969 481 1001 496 n.
1014 482 1047 498 22.
1059 482 1096 501 ge.

329 504 369 525 Die
397 510 409 529 9
424 504 507 526 Ianuarii
521 502 611 524 meridies
623 509 664 524 not.
676 503 720 524 hor.
732 508 752 523 ο.
771 509 801 524 ιο.
813 509 836 528 33
844 518 850 523 .

329 533 369 552 Die
386 538 411 551 10
426 532 508 552 Ianuarii
523 530 575 552 nost.
587 531 640 560 sequ.
651 532 712 552 Sirius
721 530 745 551 ad
760 532 779 551 A
789 538 813 552 ex
825 532 841 551 B
852 537 894 552 nor.
906 531 949 553 hor.
963 538 996 553 u.
1007 540 1026 560 7.
1035 540 1062 559 42
1075 549 1081 555 .

328 561 369 581 Die
385 566 408 579 11
424 560 506 581 Ianuarii
523 560 610 581 meridies
620 566 661 581 nor.
671 559 716 580 hor.
727 565 747 579 0.
758 565 789 584 13.
802 563 845 585 30}
854 574 860 579 .

384 588 443 609 Nost.
458 587 509 615 sequ.
520 586 579 608 Sirius
590 588 615 609 ad
627 589 645 613 A
655 593 681 608 ex
691 588 708 607 B
719 592 761 608 not.
772 587 815 608 hor.
829 593 860 607 ιι.
870 593 890 612 4.
902 594 927 612 52
935 604 941 614 r

328 617 367 637 Die
384 622 408 636 12
423 616 506 637 Ianuarii
521 615 609 637 meridies
620 622 661 636 not.
673 615 717 635 hor.
730 621 748 635 0.
761 622 792 640 ις.
804 621 830 635 ο.

384 643 445 665 No&
458 643 509 676 sequ.
520 645 581 665 Sirius
592 643 617 665 ad
628 644 647 663 A
655 649 681 665 ex
690 644 707 663 B
720 649 762 665 not.
775 643 820 665 hor.
832 649 863 664 11.
877 649 895 665 2.
908 650 920 669 ²,-
928 660 934 665 .

329 673 368 693 Die
384 679 406 697 ¹5
423 672 506 693 Ianuarii
522 672 613 693 meridies
625 678 667 693 not.
677 671 720 692 hor.
732 677 751 692 0.
765 678 796 698 19.
810 678 832 697 5.

328 702 368 722 Die
384 700 408 720 18
423 701 506 722 Ianuarii
522 701 573 721 nost.
585 700 639 729 sequ.
650 701 711 721 Sirius
722 700 746 721 ad
757 700 775 720 A
787 707 810 721 ex
821 701 837 721 B
847 705 888 721 not.
899 699 943 721 hor.
958 708 990 722 ιο.
1002 707 1035 728 45.
1047 709 1072 728 4.

328 730 368 750 Die
385 736 408 755 ¹9
424 729 508 750 Ianuarii
523 730 576 750 nost.
586 728 639 757 sequ.
652 729 713 749 Sirius
724 728 748 754 ad
760 729 778 749 A
789 735 813 750 cx
824 730 840 749 B
851 735 891 750 nor.
905 728 949 750 hor.
964 736 995 755 ro.
1005 737 1040 756 4²·
1052 736 1075 756 ι5
1084 744 1091 751 .

328 758 367 778 Die
382 763 408 779 zo
422 758 506 779 Ianuarii
521 757 612 778 meridies
624 763 666 778 not.
680 756 724 777 hor.
736 763 755 777 0.
771 758 802 778 26.
814 763 838 783 ³7
851 756 981 784 subobscure,

383 785 444 807 No&
458 785 511 814 sequ.
526 787 587 807 Sirius
601 786 625 807 ad
640 786 658 806 A
673 792 697 806 ex
711 786 727 805 B
741 792 782 807 not.
797 785 841 807 hor.
858 792 888 806 10.
903 791 935 812 39.
951 793 989 813 24.

327 816 367 836 Die
382 821 406 834 21
423 815 506 836 Ianuarii
522 815 613 836 meridies
627 820 669 835 not.
683 814 726 835 hor.
739 820 759 835 0.
775 821 807 839 27.
818 820 855 840 59.

383 844 441 864 Nost.
456 842 511 871 [equ.
526 843 613 870 Iuppiter
627 843 647 863 δι
664 843 774 863 Mercurius
787 843 806 863 in
818 842 886 864 eadem
896 847 986 871 apertura
997 843 1040 865 tubi
1055 850 1066 863 z
1077 843 1185 871 palmorum

356 871 473 920 {PWbeF‘
484 877 525 919 ιέιέι.
539 870 609 919 pom*-
622 871 642 891 6.
656 876 689 891 20.
701 876 724 891 0.
740 871 828 898 Iuppiter
842 871 968 899 praecedebat
982 873 1102 897 Mercurium
1110 871 1185 894 vvibur-

373 905 429 920 oroo
445 907 457 919 n
474 905 486 918 2
507 913 525 924 „
548 906 571 920 eu
583 906 629 924 mm,
642 905 661 919 2.
674 905 715 922 η,

385 906 457 949 Eadiegm
473 929 531 949 nocre
543 934 583 954 nott
596 928 641 949 hor.
654 934 685 948 10.
698 928 731 953 36.
742 933 768 954 30
777 929 840 950 Sirius
849 928 874 950 ad
885 929 904 950 A
915 936 939 950 ex
950 930 977 950 B.

314 980 316 982 Ι
328 956 367 977 Die
380 962 406 976 22
418 956 500 981 Ianuarii
516 956 605 977 meridies
619 962 661 978 not.
675 957 720 978 hor.
735 963 755 978 0.
771 957 804 978 28.
820 963 858 983 54.

385 985 444 1006 Nost.
458 984 513 1012 sequ.
528 991 568 1006 not.
584 984 626 1006 hor.
635 986 655 1006 ⁶.
664 986 695 1006 ιε.
709 991 724 1005 ο
738 986 826 1014 Iuppiter
841 985 967 1014 praecedebat
981 986 1101 1011 Mercurium
1118 983 1182 1006 vibra-

357 1013 441 1037 tionibus
456 1019 508 1039 730,
522 1019 571 1041 ,quae
586 1012 630 1034 sunt
644 1014 719 1035 minuta
733 1013 812 1039 horaria
828 1020 852 1039 ς.
1057 1024 1059 1028 ⁴

328 1042 368 1062 Die
382 1047 406 1067 23
422 1039 504 1063 Ianuarii
520 1043 572 1063 ηοᾶ.
586 1040 642 1070 sequ.
653 1043 715 1064 Sirius
729 1042 753 1063 ad
767 1044 786 1062 A
800 1049 825 1064 ex
838 1043 855 1062 B
869 1048 910 1064 nor.
924 1042 968 1064 hor.
984 1048 1015 1064 ιο.
1029 1048 1063 1069 3ο.
1075 1047 1109 1072 3²¹·

329 1070 368 1091 Die
383 1076 410 1099 24
423 1071 506 1094 Ianuarii
521 1070 611 1092 meridies
624 1076 666 1094 not.
680 1070 723 1096 hor.
737 1077 757 1091 0.
773 1077 805 1097 31.
822 1077 858 1097 31·
1069 1083 1071 1085 ·
1098 1085 1100 1087 -

329 1099 367 1119 Die
382 1104 408 1123 27
423 1099 507 1120 Ianuarii
522 1098 611 1121 meridies
626 1105 667 1120 not.
684 1099 727 1120 hor.
742 1105 762 1120 ο.
777 1101 809 1125 3⁶·
823 1099 848 1126 ’33
857 1114 863 1122 .

385 1127 445 1148 Nost.
457 1126 509 1156 sequ.
522 1128 584 1149 Sirius
598 1127 622 1148 ad
637 1128 655 1147 A
670 1133 695 1148 ex
709 1128 726 1148 B
738 1134 780 1149 not.
796 1128 840 1149 hor.
857 1133 888 1147 ro.
904 1133 935 1154 ¹9·
949 1133 989 1152 20p

328 1156 368 1176 Die
384 1154 409 1174 28
425 1156 507 1177 Ianuarii
523 1156 614 1178 meridies
628 1161 669 1177 not.
683 1156 727 1177 hor.
743 1162 764 1176 0.
780 1157 811 1182 36.
827 1162 861 1181 53.

327 1184 367 1204 Die
384 1189 409 1209 30
423 1184 505 1208 Ianuarii
521 1184 611 1205 meridies
624 1191 665 1205 not.
678 1184 720 1206 hor.
737 1191 758 1208 Q.
775 1191 806 1212 39.
822 1190 860 1208 ‚22-

385 1212 445 1233 Nost,
460 1212 514 1240 sequ.
528 1213 588 1234 Sirius
602 1212 626 1233 ad
640 1213 658 1233 A
673 1219 697 1234 ex
711 1214 728 1234 B
742 1220 783 1234 not.
800 1213 844 1234 hor.
861 1217 892 1231 ιο.
909 1216 941 1232 10,
955 1215 998 1238 45.

328 1240 369 1261 Die
398 1246 410 1259 2
425 1240 525 1262 Februarii
540 1240 593 1262 υοᾶ.
607 1240 660 1269 sequ.
674 1242 735 1262 Sirius
748 1241 773 1262 ad
787 1243 805 1264 A
820 1247 844 1262 ex
858 1241 875 1260 B
888 1245 928 1260 nor.
942 1240 987 1262 hor.
1004 1246 1036 1261 10.
1051 1246 1070 1260 2.
1087 1244 1124 1259 22.

329 1269 368 1289 Die
398 1274 408 1293 3
424 1268 523 1290 Februarii
544 1270 618 1298 primus
639 1270 688 1290 Solis
702 1270 773 1291 limbus
787 1269 812 1291 ad
827 1269 846 1291 A
859 1274 885 1289 ex
899 1268 915 1287 B
929 1275 972 1290 nor.
988 1268 1053 1290 horor,
1068 1273 1088 1287 0.
1105 1272 1136 1292 3⁵·
1152 1272 1170 1291 4
1183 1279 1190 1290 2

356 1296 449 1318 secundus
464 1303 543 1319 notante
558 1304 578 1319 ο.
590 1304 621 1323 37.
636 1299 775 1320 22.Centrum
789 1297 839 1319 Solis
853 1297 873 1317 in
887 1296 997 1319 meridiano
1013 1303 1054 1318 not.
1069 1302 1090 1316 ο.
1105 1301 1139 1320 44·
1154 1300 1189 1314 20-

385 1327 408 1347 A
417 1325 495 1353 transtra
508 1331 548 1352 ergo
559 1327 616 1348 centri
626 1331 658 1352 per
666 1326 739 1353 fimum
751 1328 773 1348 Λ
787 1325 816 1349 ad
823 1324 919 1352 :rt-fitam
930 1330 961 1351 per
977 1324 1093 1347 midam»
1109 1321 1189 1351 effluxe-

358 1358 401 1373 runt
410 1355 452 1375 min.
467 1354 485 1377 8.
497 1361 508 1380 7
520 1353 574 1376 baud
582 1353 666 1381 ampliu.

386 1382 445 1403 Νοξὶ.
459 1382 514 1412 sequ.
528 1384 588 1404 Sirius
602 1382 626 1404 ad
641 1384 660 1403 A
673 1389 697 1404 ex
711 1383 728 1403 B
742 1388 785 1405 nor.
798 1381 842 1403 hor.
859 1388 877 1407 9.
893 1387 925 1407 59.
941 1387 964 1407 3³
973 1398 978 1404 ,

331 1409 371 1430 Die
398 1416 412 1435 4
425 1411 523 1433 Februarii
542 1412 617 1440 primus
634 1411 706 1434 limbus
722 1411 773 1432 Solis
794 1410 819 1431 ad
837 1408 891 1430 filum
905 1407 975 1432 ascens.
987 1410 1049 1431 reciae
1063 1407 1188 1439 micrornetri

360 1444 403 1458 ¹²0¹-
418 1438 459 1458 ¹¹01·-
477 1445 492 1460 1·
508 1446 539 1466 59-
557 1446 592 1467 ¹3³
603 1440 671 1461 eodem
686 1445 727 1460 nor.
743 1445 761 1462 7..
774 1439 823 1459 ι.ιὸ
839 1436 934 1459 {ecuudus
947 1438 1018 1460 limbus
1031 1436 1082 1457 Solis
1094 1434 1118 1456 ad
1133 1434 1189 1456 idem

359 1465 426 1488 fiiums
435 1466 494 1488 nodie
508 1474 555 1488 vero
569 1468 624 1496 sequ.
639 1474 680 1489 not.
694 1467 759 1488 horol.
776 1473 806 1488 u.
823 1472 854 1493 19·
869 1472 895 1485 20
909 1466 969 1489 Sirius
983 1466 1008 1488 ad
1022 1466 1073 1487 idem
1086 1463 1141 1485 filum
1156 1469 1189 1484 ea-

358 1494 402 1518 dem
420 1494 477 1516 noete
489 1495 550 1516 Sirius
564 1496 587 1516 ad
604 1497 622 1516 A
637 1504 661 1517 ex
675 1497 691 1519 Β
705 1502 746 1517 not.
761 1495 805 1517 hor.
819 1502 838 1522 9.
856 1495 887 1519 56-
901 1499 927 1518 42
936 1508 943 1522 ς

329 1523 368 1544 Die
397 1531 407 1549 5
423 1524 521 1548 Februarii
536 1524 627 1546 meridies
641 1531 682 1547 not.
695 1524 740 1554 hor.
754 1530 776 1553 ος
789 1524 823 1552 46.
836 1521 880 1549 48³¹r
889 1541 895 1548 .
1098 1520 1157 1543 Ρῐῐῠῐ
