1273 1842
223 219 225 221 .
257 198 453 223 ASTRONOM.
473 198 516 221 ET
535 200 731 225 GEOGKAPH.
866 204 918 228 229

105 244 216 288 ¹7²5Pfiox·
227 261 299 286 limbu's
309 266 360 287 Solis
372 265 397 286 ad
409 264 463 286 filum
475 265 575 287 horarium
585 273 626 288 not.
636 250 711 294 hol-[3.
724 273 755 293 ¹4·
773 272 810 291 u,
824 265 920 288 secundus
933 266 959 288 ad

130 294 213 316 eundem
223 294 323 315 horarium
334 300 374 315 nor.
387 294 430 314 hor.
444 300 462 319 3.
475 295 507 315 16.
521 300 557 320 395
570 296 628 316 noete
639 302 687 317 vero
700 295 754 323 sequ.
765 296 826 316 Sirius
837 295 861 318 ad
871 295 956 317 eundem

130 323 230 344 horarium
241 328 281 343 not.
293 322 336 343 hor.
347 328 366 342 ο.
378 328 409 347 30.
424 328 446 341 11
454 338 460 343 .

159 351 231 372 Eadem
243 351 301 372 noste
311 351 373 372 Sirius
383 350 408 373 ad
419 350 439 371 Α
448 357 472 372 ex
484 352 501 371 B
512 357 553 372 not.
566 351 610 373 hor,
623 359 641 378 9.
653 358 685 377 53.
698 358 722 377 51
730 368 736 373 .

101 380 142 400 Die
158 384 184 399 ιο
198 379 297 400 Februarii
313 380 394 401 incitato
407 379 478 400 iterum
489 379 532 400 hor.
548 380 638 401 meridies
653 387 678 401 eo
688 387 728 402 not.
738 386 758 401 0.
771 380 805 407 48.
817 386 842 402 o.

159 407 219 428 Νοέὶ.
231 406 283 435 sequ.
294 408 356 428 Sirius
365 406 391 428 ad
402 407 420 426 A
431 414 455 428 ex
465 408 482 427 B
495 414 534 429 noti
546 408 588 429 hor.
602 415 621 434 7.
631 409 664 433 5⁶·
677 408 701 429 8.

102 437 142 456 Die
157 442 180 455 21
197 435 296 456 Februarii
310 434 369 457 noete
379 434 431 463 sequ,
443 436 504 457 Sirius
513 436 537 457 ad
548 436 565 456 A
576 443 600 457 ex
611 438 628 457 B
641 443 683 458 uot-
695 437 737 459 hot.
749 444 767 463 7.
779 443 810 463 53.
824 437 861 458 16.

102 465 144 486 Dic
159 464 183 487 28
199 464 300 485 Februarii
312 464 401 485 meridies
416 470 457 485 not*
469 464 511 486 hor.
522 470 542 485 0.
557 471 589 490 55.
601 470 660 491 ²3¹}-

161 493 220 514 Noa.
231 491 284 520 sequ.
294 494 355 513 Sirius
367 491 391 513 ad
403 492 421 511 A
435 499 459 513 ex
470 493 487 512 B
497 499 537 513 not.
549 493 593 514 hor.
606 500 625 519 7.
636 500 667 519 33.
680 500 719 519 ςο.

102 522 144 542 Die
158 528 187 550 pr.
202 522 270 542 Martii
287 521 338 542 notk.
350 519 402 548 sequ.
413 520 474 541 Sirius
484 520 508 541 ad
518 521 536 540 Δ
548 527 573 541 ex
584 522 601 541 B
611 528 652 543 not.
667 522 712 543 hor.
723 529 742 548 7.
756 528 788 548 30.
800 523 836 547 5⁶.

102 550 144 570 Die
172 550 183 569 6
200 550 267 571 Martii
281 550 356 570 incitato
367 548 436 576 rurfim
450 547 533 576 horologio
545 550 597 570 no&
614 549 666 578 sequ.
676 551 736 572 Sirius
749 551 774 571 ad
788 551 807 570 A
817 558 842 572 ex
851 551 868 571 B
879 556 903 572 eo
918 552 960 572 noi-

135 584 153 603 7,
168 584 200 598 η.
210 585 249 604 44.

102 606 144 627 Die
173 613 184 632 7
199 605 265 627 Martii
279 605 332 627 ηοᾶ.
346 604 399 633 sequ.
410 605 472 626 Sirius
484 605 508 627 ad
518 606 536 625 A
548 611 573 626 ex
584 606 600 625 B
611 611 654 626 not.
667 605 710 627 hor.
722 612 741 631 7.
754 614 773 633 9.
787 606 825 631 58.

102 635 145 655 Die
174 634 184 653 8
199 635 266 655 Martii
282 640 338 655 mane
352 639 439 654 centrum
455 634 521 654 Lunae
538 633 562 654 ad
575 633 703 656 meridianum
716 640 758 655 not.
771 634 814 655 hor.
830 635 898 661 ⁶·''4⁶·
914 640 940 660 30
954 640 961 656 ³

131 662 199 683 eodem
210 668 250 683 not.
262 662 281 682 6.
292 668 327 688 47.
336 667 365 688 4ο
375 661 446 682 limbus
458 662 526 683 Lunae
537 660 656 689 subsequens
666 662 685 682 δι
696 662 771 683 lucidus
781 662 806 683 ad
818 664 947 684 meridiflnum
954 677 960 683 .

160 690 256 711 Distantia
272 690 328 711 limbi
342 689 448 717 superioris
463 690 529 712 Lunae
540 696 551 711 ι
562 690 636 711 vertice
645 689 701 718 grad.
712 691 745 717 69.
760 696 799 717 53,
816 690 915 717 inferioris
929 697 962 716 70·

132 726 160 746 ²4
171 725 254 746 utraque
266 719 354 739 correcto
367 718 495 740 instrumento
503 734 509 742 ,

161 747 254 768 Meridies
267 753 309 768 not.
324 747 367 768 hor.
385 752 414 768 u.
430 746 462 771 58.
477 749 538 771 20}.⁴

101 777 144 798 Die
173 782 184 802 9
200 776 269 796 Martii
284 776 337 797 nost.
349 774 403 803 sequ.
414 775 475 797 Sirius
485 775 510 796 ad
524 777 542 796 A
555 781 580 796 ex
591 776 609 796 B
620 782 660 797 not.
670 776 713 798 hor.
727 783 745 802 7.
755 784 775 804 4,
788 776 812 797 8.

101 805 142 826 Die
158 810 183 823 10
197 804 266 825 Martii
281 810 335 825 mane
351 810 441 825 centrum
457 804 525 825 Lunae
539 803 563 825 ad
582 805 708 826 meridianum
722 811 763 826 nor.
780 805 825 826 hor.
840 805 859 826 8,
870 811 901 831 34.
915 811 941 831 30
954 811 963 829 ,·

133 832 204 854 limbus
221 831 340 860 subsequens
356 833 376 853 δι
394 832 469 853 lucidus
484 832 549 853 Lunae
563 833 589 853 ad
602 833 730 854 meridianum
742 840 782 855 nor.
795 833 813 853 8.
827 839 858 859 35.
873 839 910 859 30.
924 833 964 853 Di·-

132 861 201 882 stantia
217 868 228 882 a
239 862 312 882 vertice
323 860 379 882 limbi
395 859 501 889 superioris
515 859 547 881 68.
561 859 585 880 18
597 875 604 887 ,
621 861 720 883 inferioris
737 861 770 883 ⁶8.
781 868 808 888 49
819 864 831 886 (
837 868 863 882 an
872 861 963 882 corrmae

133 898 140 910 ι
151 896 192 910 noro
219 906 224 910 .

138 897 151 917 g
163 891 223 940 Nogt.
234 916 288 945 sequ.
300 918 362 939 Sirius
376 916 400 939 ad
410 917 428 937 A
440 924 464 939 ex
473 918 490 938 B
501 922 542 938 not.
555 916 599 938 hor.
610 924 629 943 7.
645 924 664 939 1.
682 919 706 937 16
717 918 749 939 vel
762 925 781 945 7.
793 924 811 939 1.
825 924 850 943 15
865 924 908 938 nam
921 924 963 939 am-

132 946 184 974 bigue
189 946 275 973 scriptum
280 962 285 967 .

102 975 144 996 Die
161 981 186 996 12
200 976 268 996 Martii
283 974 373 995 meridies
388 979 429 994 not.
443 975 489 996 hoie.
504 980 524 994 0.
541 980 558 995 ι,
572 980 611 995 21.

102 1005 144 1025 Die
160 1010 184 1030 19
200 1004 268 1024 Martii
282 1003 373 1023 meridies
388 1008 430 1023 not.
445 1003 487 1024 hor.
502 1008 522 1022 0.
538 1003 556 1023 6.
573 1009 598 1028 7.

161 1033 222 1053 Nost.
234 1030 288 1059 sequ.
300 1037 341 1052 not.
354 1030 396 1052 hor.
408 1031 428 1053 6.
440 1037 470 1057 34.
483 1030 507 1056 38
517 1031 580 1052 Sirius
589 1030 613 1051 ad
625 1031 644 1051 A
655 1037 679 1052 ex
693 1032 720 1053 Β.
923 1047 925 1049 >

102 1062 145 1083 Die
159 1067 185 1081 ιο
200 1061 267 1080 Martii
276 1060 395 1108 {suggentes
413 1059 517 1081 limborum
532 1059 584 1081 Solis
598 1058 623 1080 ad
634 1059 731 1081 Thermas
742 1060 861 1081 Diocletiani
872 1060 892 1079 in
903 1059 962 1079 meri-

134 1089 166 1110 die
194 1088 262 1113 cho,
290 1094 315 1113 90
330 1094 356 1108 0.

103 1119 146 1139 Dic
160 1096 193 1137 11⁹
199 1117 267 1137 Martii
281 1117 373 1138 meridies
389 1122 429 1137 nor.
442 1116 485 1137 hor.
495 1122 515 1137 ο.
527 1123 546 1142 7.
556 1121 584 1142 40
594 1114 682 1136 distantia
693 1121 704 1136 a
716 1117 788 1137 vertice
798 1115 854 1137 limbi
864 1113 961 1136 inferioris

133 1146 184 1167 Solis
196 1152 225 1173 gr.
235 1151 268 1171 41.
280 1151 305 1169 50
319 1145 419 1169 correzia,
434 1143 538 1173 superioris
549 1151 579 1172 gr.
592 1150 626 1169 41.
640 1143 663 1163 18
675 1145 775 1166 con-esta·

162 1174 221 1194 Nost.
236 1172 289 1201 sequ.
302 1174 363 1195 Sirius
378 1172 403 1195 ad
417 1174 435 1193 A
449 1180 473 1194 ex
487 1174 504 1194 B
519 1179 559 1194 not.
575 1172 617 1193 hor.
633 1173 651 1193 6.
667 1171 699 1193 28.
716 1179 754 1198 52.

103 1204 145 1224 Die
160 1209 186 1228 24
201 1203 268 1224 Martii
283 1201 375 1223 meridies
389 1207 431 1223 not.
447 1201 491 1223 hor.
504 1207 524 1222 ο.
539 1208 556 1227 ι).
573 1207 608 1227 19.

163 1229 247 1257 Vespere
259 1230 320 1251 Sirius
336 1229 360 1251 ad
374 1231 392 1250 A
406 1236 432 1251 ex
446 1231 463 1250 B
478 1236 519 1252 not.
533 1229 577 1251 hor.
593 1230 611 1249 6.
628 1235 660 1255 19.
675 1236 700 1255 45
710 1245 715 1250 .
820 1246 824 1251 .

105 1259 146 1280 Die
162 1265 185 1283 25
201 1259 269 1280 Martii
285 1257 366 1286 vespere
379 1258 439 1279 sirius
453 1259 477 1279 ad
491 1260 510 1278 A
524 1265 548 1279 ex
562 1259 579 1278 B
592 1263 633 1278 not.
647 1257 691 1279 hor.
707 1259 725 1279 6.
743 1259 774 1279 16.
790 1264 825 1284 52.

104 1288 146 1308 Die
161 1293 187 1313 30
202 1287 269 1308 Martii
284 1286 374 1308 meridies
388 1293 430 1308 net.
445 1286 489 1308 hor.
504 1286 524 1307 ό.
542 1293 571 1312 14.
586 1292 612 1307 ο.

105 1317 147 1336 Die
177 1315 188 1335 8
204 1315 276 1343 Aprilis
290 1315 379 1336 meridies
393 1321 434 1336 not.
449 1315 494 1336 hor.
508 1321 528 1335 0.
544 1321 577 1335 20.
593 1320 616 1339 13
626 1328 631 1334 .

106 1344 148 1365 Die
165 1350 189 1363 12
204 1343 277 1371 Aprilis
290 1344 352 1365 Sirius
366 1343 391 1365 ad
404 1344 423 1364 A
436 1350 460 1364 ex
475 1344 491 1364 B
505 1349 546 1365 not.
561 1343 605 1364 hor.
621 1348 639 1366 ς,
654 1347 685 1367 ²4·
698 1342 735 1363 ιθ.

108 1373 150 1393 Die
167 1377 190 1397 ¹3
205 1372 279 1400 Aprilis
293 1373 368 1400 primus
383 1371 455 1394 limbus
464 1372 514 1393 Solis
525 1372 549 1393 ad
560 1370 687 1392 meridianum
699 1377 738 1392 not.
751 1370 794 1392 hor.
805 1376 826 1392 o.
840 1376 873 1391 22.
885 1375 909 1395 ις
918 1384 924 1390 .

166 1399 211 1420 Inde
222 1399 269 1421 elicit
282 1400 374 1421 merida-m
384 1404 421 1421 mr.
434 1400 472 1421 bor.
486 1406 505 1421 0.
516 1406 548 1426 ²3-
560 1406 597 1425 ⁵4-

107 1430 149 1450 Die
165 1427 189 1448 18
204 1427 278 1454 Aprilis
292 1428 383 1449 meridies
397 1434 439 1450 not.
452 1430 496 1450 hor.
510 1435 529 1449 0.
544 1435 569 1454 27
587 1434 622 1453 19·

108 1458 149 1478 Die
165 1462 189 1476 21
206 1456 279 1483 Aprilis
293 1457 369 1485 primus
387 1456 437 1478 Solis
456 1457 526 1478 limbus
541 1456 565 1478 ad
579 1455 707 1478 meridianum
721 1463 761 1478 net.
775 1457 819 1478 hor.
832 1462 852 1476 ο.
866 1455 899 1476 28.
916 1459 940 1474 10
956 1468 963 1480 ,

139 1483 233 1506 secundus
248 1490 290 1506 not.
303 1491 324 1506 ο.
339 1491 370 1511 31.
385 1484 423 1506 28.

559 1514 651 1534 Mmm
813 1500 815 1502 Ι
894 1512 934 1533 Die
