1273 1842
262 0 611 8 »ψ-...ν-τνψ-ἨἯΨ,
634 0 771 9 ,εγὼ-..ΝΜ
816 5 819 8 .
863 0 927 13 :ua-r

136 258 256 298 legatione
265 262 381 299 peraeta,
403 271 430 289 m
451 270 507 291 arce
517 263 590 301 Reip.
597 263 902 309 collocatus,summifiqu'e
911 279 964 298 ma‘

129 300 157 336 gi
156 298 276 332 stratibus
289 298 405 329 obeundis
421 302 535 329 intentus
542 319 553 335 ,
567 303 625 331 inde
642 306 670 333 in
685 316 779 335 omnem
786 307 837 336 late
844 310 965 339 Venetam

132 337 251 366 ditionem
258 340 409 377 confiliorum
417 347 518 368 tuorum
526 341 663 372 utilitatem
670 344 829 411 ffundem’
836 349 968 385 Patriamg

131 387 178 415 que
187 384 259 405 tuam
267 399 276 411 ,
284 380 355 406 cuius
363 379 493 407 commodis
501 379 666 418 &splendori
694 384 756 422 sens
766 388 834 415 omni
836 388 917 425 studio
926 390 967 417 in-

123 416 256 453 servieras
263 438 273 450 ,
281 417 366 445 eadem
374 427 436 446 cura
440 419 557 457 praesens
564 430 656 459 regeres
664 421 696 452 Εἰ
703 424 867 463 amplificares
876 445 884 453 .
890 429 968 457 Hanc

130 457 207 484 etiam
214 455 243 484 de
251 457 359 495 lespera,
367 465 488 497 quotquot
493 466 518 486 te
526 461 781 501 novimus,praccipue
789 464 889 503 huiusce
896 469 967 505 Reip-

122 487 210 533 fideles
222 495 323 533 subditi
339 497 354 531 (
359 507 464 535 quorum
481 508 518 527 me
530 508 609 527 unum
620 501 752 540 profiteor)
764 506 852 532 merito
860 509 968 544 concepi-

127 544 183 562 mus
195 554 204 567 ‚
214 534 272 563 haec
280 543 343 564 vota
350 536 380 564 de
386 543 411 564 te
411 537 527 574 facimus
535 556 543 564 .
558 539 621 576 quin
628 542 705 568 etiam
707 543 843 580 speramus
851 565 861 577 ,
875 553 969 580 ventu-⁴

127 574 332 613 rum.aliquando
347 585 403 604 eum
417 575 482 604 diem
489 597 497 610 ‚
509 587 586 616 quum
592 584 618 606 te
624 582 736 609 evellam
743 581 874 612 videamus
884 583 919 612 ad
923 585 968 622 β·

122 621 236 651 premam
246 615 365 642 Ducatus
377 614 526 654 dignitatem
536 637 545 648 ‚
551 626 602 654 qua
610 619 780 657 complurimos
790 632 823 649 ex
831 623 967 659 maioribus

125 654 178 680 tuis
187 674 196 686 ,
217 647 324 692 quorum
332 654 443 693 vestigiis
451 655 537 693 inststis
545 674 556 688 ‚
571 654 598 683 ob
602 658 736 695 praeclara
745 661 771 688 in
780 663 867 700 Remp.
875 664 967 692 merita

122 693 215 730 potitos
216 693 296 731 futffe
302 701 451 730 compertum
457 694 496 731 est.

186 733 274 769 Quum
287 733 366 771 egitur
381 741 409 759 ea
417 733 451 771 sit
464 734 596 762 virtutum
608 743 713 765 tuarum
716 739 792 777 fama
801 746 870 771 ,tam
878 741 965 776 clara,

124 778 179 798 tam
187 770 284 799 celebris
293 791 302 804 ‚
309 779 364 799 tam
371 770 459 811 ubique
466 772 560 813 diffusa
568 795 578 807 ‚
586 784 687 804 vererer
698 786 841 817 magnopere
848 801 858 813 ‚
874 781 933 819 nest
936 783 965 810 in
997 796 999 798 ·

125 811 158 838 iis
166 809 364 839 commendandis
379 810 476 839 diutius
493 814 624 842 immorari
639 815 730 844 vellem
739 838 748 850 ‚
755 818 790 845 eis
797 817 916 848 demerem
920 829 965 859 po-

123 848 282 888 tiusaliquid
284 849 426 888 splendoris
435 872 443 883 ,
451 861 527 890 quam
539 852 666 888 adderem,
675 857 774 893 tuasque
783 880 792 892 ,
805 865 834 886 ut
847 858 890 887 ille
907 861 963 894 ait,

124 889 209 917 laudes
220 890 292 925 culpa
307 891 442 918 detererem
457 895 549 927 ingenii
559 910 568 919 .
578 892 680 922 Vererer
688 896 763 922 etiam
773 898 857 936 (quae
869 906 916 927 tua
932 900 964 938 est

123 926 237 964 modestia
244 928 342 961 animi)
350 938 381 955 ne
388 938 417 955 ea
424 927 544 967 de'cauffa
553 931 610 960 huic
617 931 678 961 libro
687 933 838 973 offensionem
847 938 962 977 aliquam

122 964 253 1004 odiumque
261 966 328 1004 apud
336 974 360 994 te
367 967 524 996 conciliarem
533 968 582 998 loco
583 972 697 1009 favoris,
700 977 808 1012 gratiae,
812 979 962 1014 patrocinii,

121 1004 189 1042 quod
197 1012 252 1032 tum
262 1006 308 1043 ipsi
312 1004 389 1038 libro,
404 1016 475 1045 quem
487 1008 515 1036 in
533 1009 708 1048 observantiae
718 1023 786 1043 meae
797 1016 964 1053 testimonium

121 1042 170 1071 tibi
177 1042 264 1084 offero‚·
274 1052 329 1072 tum
335 1045 398 1074 mihi
405 1046 451 1084 ipsi
456 1064 465 1079 ,
473 1057 545 1085 quem
552 1059 606 1077 una
613 1061 669 1078 cum
677 1061 702 1079 eo
710 1051 758 1082 tibi
762 1054 874 1083 dicatum
882 1057 941 1085 volo
948 1078 958 1091 ,

115 1083 270 1121 summopere
277 1083 382 1121 desidero
390 1106 398 1117 ‚
407 1094 484 1113 enam
492 1095 569 1126 atque
575 1091 652 1118 etiam
657 1098 715 1128 peto
722 1109 732 1125 ‚
748 1103 887 1134 magnaque
888 1095 956 1135 fidu-

121 1122 162 1150 cia
171 1122 232 1150 mihi
237 1123 353 1160 polliceor
360 1143 368 1151 .
383 1124 444 1153 Vale
451 1143 460 1151 .

194 1198 292 1225 Romae
302 1217 309 1224 .
323 1198 440 1226 Kalendis
451 1200 602 1231 Novembris
618 1210 918 1251 CIDIQCCXXXVIL
