1273 1842
360 206 394 237 64
611 209 895 234 OBSERVATmNEs
928 224 930 227 ψ

355 255 380 273 05

328 255 376 298 „ad
395 275 504 297 distantiam
526 274 614 296 diametri
633 280 667 300 13
678 278 754 299 circiter
767 292 772 297 .
791 277 835 298 Fuit
849 283 896 305 ergo
911 275 992 297 emersio
1014 278 1065 298 tertii
1081 278 1172 300 Sareilitis

352 306 400 327 hora
417 305 459 332 post
477 303 575 324 meridiem
593 311 611 329 9.
621 312 655 331 43.
668 305 693 330 58
707 306 759 326 iuxta
776 305 914 333 horologium,
929 304 961 326 sed
972 306 1018 332 quia
1031 306 1118 328 addenda
1127 306 1172 328 sunt

351 333 435 357 secunda
447 334 477 360 3}-
493 333 512 353 ῐπ
522 332 580 354 hOras
591 332 673 360 fingulas
688 339 710 355 ut
730 333 777 355 fiant
796 334 855 354 horae
868 332 938 354 solares
954 333 1021 355 eadem
1036 335 1115 356 emerfio
1134 335 1173 357 fuit

352 362 396 385 hor.
408 368 425 387 9.
434 368 467 388 44.
481 367 507 387 39
532 360 560 381 ost
574 362 642 382 merid.
1168 384 1173 387 μ

324 391 361 413 Die
376 397 386 417 3
404 389 471 410 Martii
485 388 510 409 ad
541 388 616 410 hermas
626 388 742 409 Diocletiani
751 388 863 411 observavit
876 389 898 409 Ρ,
909 389 934 410 D.
948 389 1062 411 Benedictus
1074 397 1173 419 tangentes

351 418 402 440 Solis
417 418 437 438 in
449 417 529 438 meridie
545 417 639 441 114869,
657 419 743 442 112650.

324 446 366 469 Die
382 452 393 472 7
409 446 475 467 Martii
489 445 531 468 1bi‚
546 445 590 473 Ego
600 444 703 466 observavi
716 445 771 466 coelo
784 445 895 467 niridiffimo
908 445 1003 470 108800‚
1020 448 1108 474 106720.

324 475 366 499 Die
383 474 406 495 18
422 474 490 494 Martii
504 472 528 494 ad
541 473 663 497 Carthufiarn
673 489 678 494 .
692 474 824 502 Horologium
840 473 944 497 Parifiense
959 475 1038 496 incitavi
1050 491 1055 496 .
1069 477 1131 498 sirius
1148 471 1171 497 nd

354 502 480 525 meridianum
495 508 536 523 not.
549 501 592 522 hor.
605 504 623 522 6,
636 509 668 529 3¹-
683 508 714 526 ςι.

324 534 361 557 Die
377 538 402 552 η
418 530 524 579 Ῑνὲᾳπίἰδεά
535 530 659 552 Carrhufiam
669 530 735 551 Coelo
745 530 856 552 nitidiffimo
867 546 872 552 .
886 530 992 559 Horologii
1007 536 1072 553 motus
1083 530 1174 560 perseve-

352 566 382 582 rat
393 566 417 580 ex
443 565 459 579 re
474 566 482 579 ι
499 573 505 579 .
1142 578 1145 580 ,

381 588 439 608 Prior
455 586 506 607 Solis
520 586 592 607 limbus
605 586 630 607 ad
645 586 772 607 meridianum
786 593 864 607 notante
877 586 985 615 horologio
998 594 1028 608 ιι.
1039 594 1073 614 4²-
1088 594 1126 608 20.
1140 587 1174 608 Se-

354 616 429 638 cundus
443 615 493 636 Solis
508 615 579 635 limbus
593 614 618 635 ad
633 614 759 636 meridianum
773 621 855 636 notante
869 615 975 644 horologio
986 623 1017 637 ιι.
1027 623 1060 643 44
1072 623 1097 643 37
1106 631 1112 641 ‚
1120 614 1176 636 Tan-

354 643 610 698 genxtleesspffessssziuffsssisss
621 669 645 691 ad
658 670 784 692 meridianum
795 677 835 692 nor.
848 670 891 691 hor.
904 674 922 692 6.
934 671 954 692 8.
965 678 980 697 ς.

326 701 362 722 Die
377 706 400 726 23
417 699 485 719 Martii
499 698 524 719 ad
536 697 671 720 Chartufiam.
687 698 733 719 Non
742 697 796 720 adfui
812 699 936 727 tempestive.
944 700 1006 721 Paulo
1018 700 1060 730 post
1072 699 1172 722 meridiem

355 729 464 755 Tangenres
476 733 501 747 cx
511 727 655 754 comparatione
665 733 709 747 cum
721 726 815 748 hesternis
825 727 851 756 87
855 733 894 753 3²0
900 742 908 753 ,
915 728 990 756 85630.

381 755 487 783 Horologii
498 761 562 775 morus
574 753 683 782 perseverat
696 761 721 775 ex
731 754 763 776 die
777 755 808 775 18.

382 785 445 806 Sirius
456 783 479 804 ad
496 782 622 807 meridianum
635 789 675 804 not.
690 782 734 804 hor.
745 785 763 804 6.
777 790 795 804 2.
807 783 838 804 18.

328 814 371 836 Die
388 818 413 834 xo
428 811 503 839 Aprilis
517 811 542 832 ad
555 810 620 832 Aedes
634 811 765 832 cancellariae
779 811 902 839 Apostolicae
913 813 988 840 primus
1002 811 1052 833 Solis
1066 812 1137 834 limbus
1151 811 1176 833 ad

358 839 484 863 meridianum
500 846 566 861 verum
581 845 660 861 notante
676 839 782 871 horologio
796 847 815 861 ο,
826 847 845 860 0.
859 847 896 866 15.
910 841 1009 863 Secundus
1023 847 1100 862 notante
1114 841 1175 863 horo-

356 871 375 891 lo
391 871 411 891 io
425 877 444 889 ο.
473 884 478 889 .
493 875 512 889 ο.

328 899 370 922 Die
376 877 409 919 gn
428 876 501 925 Apzilis
515 897 553 918 ibi.
567 897 645 918 Primus
656 897 706 918 Solis
721 896 792 919 limbus
807 896 831 919 ad
845 896 973 919 meridianum
985 902 1026 919 not.
1040 897 1083 919 hor.
1095 903 1126 918 ιι.
1144 897 1178 922 38.

357 933 394 955 30.
408 925 506 947 Secundus
517 931 558 947 not.
573 926 617 946 hor.
631 932 651 945 o.
667 934 683 947 r.
698 932 716 951 5.

328 957 365 978 Die
381 961 405 981 ¹4
419 954 494 982 Aprilis
508 953 614 981 Horologii
627 960 692 976 motus
703 951 824 982 perseverat.
839 954 870 975 Eo
883 960 923 975 nor.
936 953 981 975 hor.
998 961 1017 979 7.
1027 961 1046 974 0.
1058 961 1083 974 ο.
1097 952 1177 975 Satelles

357 984 426 1006 tertius
436 983 490 1006 Iovis
503 983 522 1003 in
535 982 623 1004 umbram
633 982 660 1005 est
672 982 778 1011 ingressuss
790 982 925 1008 secundus.,&
938 988 1019 1010 quartus
1030 981 1132 1006 visuntur,
1139 982 1175 1009 pri-

356 1019 400 1035 mus
414 1010 502 1033 nondum
514 1009 609 1038 emersit.-

386 1040 436 1061 Nor.
446 1040 490 1060 hor.
506 1045 524 1065 7.
536 1045 567 1059 ιο.
582 1045 618 1066 ¹4.
633 1040 710 1061 Primus
721 1040 757 1061 iarn
768 1040 836 1068 incipit
847 1045 954 1068 emergere.
971 1039 1021 1062 Nor.
1035 1038 1099 1061 horol.
1110 1045 1131 1065 7.
1146 1045 1176 1060 ιο.

359 1075 385 1095 30
400 1069 436 1089 iarn
450 1067 511 1089 nitide
520 1066 601 1088 visitur.

387 1096 439 1118 Not.
451 1096 494 1117 hor.
510 1102 541 1117 ιο.
553 1102 578 1122 35
592 1097 628 1117 iam
642 1095 744 1118 emerserat
754 1097 811 1118 eriam
823 1097 892 1117 tertius
902 1096 994 1117 Satelles.

330 1125 372 1149 Die
390 1132 413 1151 ις
428 1124 504 1152 Aprilis
521 1124 596 1146 Primus
611 1124 661 1145 Solis
675 1125 747 1146 limbus
758 1124 783 1146 ad
792 1123 918 1146 meridianum
930 1131 972 1146 not.
981 1124 1023 1147 hor.
1039 1131 1070 1146 ιι.
1083 1125 1116 1149 56.
1131 1128 1155 1148 ις
1169 1138 1174 1143 .

357 1153 457 1175 Secundus
471 1159 512 1174 nor.
524 1152 587 1173 horol.
602 1159 633 1173 11.
648 1152 677 1178 58.
690 1161 719 1179 50.

329 1183 372 1205 Die
388 1189 413 1208 x7
428 1181 504 1209 Aprilis
515 1180 539 1201 ad
549 1181 643 1202 Thermas
655 1181 770 1203 Diocletiani
785 1179 896 1209 Tangentes
907 1182 976 1207 61752
985 1196 991 1207 ,
1005 1183 1080 1208 60420.

330 1211 373 1232 Die
389 1217 414 1230 20
428 1209 503 1238 Aprilis
513 1209 537 1229 ad
549 1209 612 1230 Aedes
624 1209 756 1231 Cancellariae
766 1208 1038 1237 Apostolicae.Horologium
1051 1207 1177 1236 prosequitur?

360 1244 436 1262 motum
448 1245 473 1259 ex
488 1237 520 1259 die
538 1243 563 1259 ιο
576 1237 661 1265 Aprilis.
676 1239 732 1260 Prior
742 1238 793 1259 Solis
802 1238 874 1260 limbus
883 1238 907 1259 ad
917 1238 1044 1260 meridianum
1058 1243 1100 1258 not.
1113 1236 1181 1262 heroi.-

361 1273 394 1288 ιι.
407 1273 439 1293 53.
452 1273 487 1287 20.
501 1265 601 1287 Secundus
617 1273 646 1288 ιι.
663 1269 694 1292 ⁵⁶-
710 1274 726 1292 5.

330 1296 371 1344 Die¹
384 1302 409 1316 21
423 1295 498 1322 Aprilis
511 1294 587 1316 Primus
600 1295 673 1317 limbus
689 1295 714 1316 ad
725 1294 851 1316 meridianum
867 1301 908 1316 not.
919 1294 965 1316 hor.
981 1301 1013 1315 ιι.
1022 1300 1055 1321 53.
1067 1299 1091 1319 ς.
1105 1292 1179 1314 Secun-

373 1330 394 1345 US
406 1331 436 1344 n.
478 1339 483 1344 .
522 1337 527 1343 ι

359 1379 373 1401 h
386 1330 461 1401 N<¹›c!e⁵
466 1329 523 1380 §segg
540 1350 618 1372 Satelles
633 1352 708 1380 primus
718 1351 771 1373 Iovis
781 1351 876 1379 emergit,
889 1351 947 1373 coelo
958 1348 1069 1373 nitidiffimo
1077 1363 1084 1374 ,
1098 1353 1178 1375 notante

375 1387 465 1401 orooro
491 1396 495 1401 .
511 1387 542 1400 12.
570 1387 588 1400 0.

331 1409 410 1457 Diesen
421 1387 500 1457 {irrisis
516 1386 592 1429 Prin31us
604 1407 675 1430 limbus
684 1407 735 1429 Solis
745 1406 769 1429 ad
781 1407 909 1429 meridianum
921 1413 961 1428 not.
975 1406 1019 1427 hor.
1039 1412 1070 1428 u.
1087 1412 1119 1433 3²-
1131 1411 1156 1432 35
1170 1406 1176 1431 ζ

383 1443 419 1457 cun
436 1443 457 1457 us
471 1443 501 1457 11.
515 1443 544 1462 55.
557 1443 591 1457 ιο.

330 1464 421 1486 Kalendis
432 1464 483 1486 Maii
493 1465 518 1486 ad
529 1463 625 1486 Thermas
635 1462 747 1486 observavit
758 1462 858 1486 Andraeas
873 1470 951 1490 51:50.
966 1468 1042 1490 49957.

331 1494 369 1517 Die
384 1500 409 1518 ra
423 1493 475 1516 Iunii
489 1499 532 1517 aere
545 1493 645 1516 clariffituo
658 1493 684 1518 ad
698 1492 820 1518 carthusiam
833 1494 916 1521 34460,
930 1497 1008 1520 33354.
1109 1518 1134 1540 Di

380 1540 382 1542 .
1135 1524 1148 1540 e
