1273 1842
404 215 438 242 88
638 216 942 246 ,OBSERVArloNl-:s

371 264 424 284 170⁹

365 287 405 307 Die
433 293 447 314 7
460 285 578 315 Sepiembtis
591 285 683 309 mei-idies
696 291 736 309 not.
752 286 796 310 hor.
811 292 841 308 rr.
857 292 888 314 ¹³·
902 294 921 312 ι.

364 314 409 337 Die
435 315 447 335 8
462 314 580 343 Septembris
593 314 656 336 Sirius
665 314 690 336 ad
705 314 725 336 A
735 321 759 336 ex
770 314 790 336 B
801 321 842 337 not.
852 314 896 338 hor.
910 318 930 338 6.
943 320 977 341 30.
990 316 1025 339 18.

421 343 513 365 Meridies
528 349 569 364 not.
579 341 623 365 hor.
635 349 667 366 τι.
680 349 712 365 11.
725 345 764 369 56-

363 371 406 394 Die
423 379 446 398 ις
463 371 581 400 Septembris
594 370 722 399 horologium
738 373 830 399 promovi
846 378 882 399 per
893 371 960 393 horam
971 387 978 399 ‚
992 372 1042 395 nihil
1059 379 1136 399 murato
1148 376 1212 400 indice

391 401 523 421 minutorum.
539 398 627 421 eeffavit
636 400 687 421 inter
698 399 812 424 elevandum
823 400 901 427 pondus
909 408 945 429 per
954 399 1037 424 secunda
1049 406 1086 427 uia
1095 420 1101 426 ,

419 427 500 449 Deinde
512 426 601 449 meridies
612 433 653 448 not.
669 427 713 448 hor.
724 434 744 448 0.
757 435 776 455 3.
789 435 813 454 13
826 429 913 450 circiter.

361 457 398 478 Die
414 459 440 478 16
453 455 573 484 Septembris
584 455 646 477 Sirius
657 454 681 477 nd
693 455 713 478 A
724 462 749 477 ex
759 455 779 477 B
790 463 832 479 not.
844 456 889 478 hor.
901 459 919 478 6.
932 464 966 483 51.
977 458 1017 485 38.

360 486 398 507 Die
414 486 438 507 18
453 485 478 506 Se
492 484 571 505 tembris
584 484 647 505 Sirius
656 484 681 505 ad
691 483 711 505 A
721 490 745 505 ex
755 485 772 505 Β
784 491 826 507 not.
835 485 878 509 hor.
890 488 910 506 6.
921 493 956 514 4¹·
968 486 993 512 58
1004 503 1010 508 .

417 513 467 535 Meri
484 514 509 534 ies
519 518 561 534 not.
575 511 619 532 hor.
632 518 664 533 ιι.
673 518 706 538 59.
718 515 774 540 ²34-

360 541 430 591 1253:
433 549 443 590 ἒ
459 540 579 569 Septembris
595 539 620 561 ad
635 539 733 563 Thermas
745 538 856 570 Tangentes
866 543 973 568 limboruin
984 543 1036 567 Solis
1046 546 1126 569 meridie
1135 545 1175 575 883
1180 545 1212 573 58,

417 572 431 590 6
446 575 459 590 0
467 584 472 589 .

359 598 398 619 Die
412 605 439 620 22
454 598 573 626 Septembris
586 597 648 620 Sirius
657 597 682 619 ad
693 598 714 619 A
723 604 747 619 ex
761 597 781 620 B
791 605 832 621 not.
844 599 888 621 hot.
900 603 919 622 6.
931 608 964 622 22.
976 607 1014 629 3¹-

358 627 398 648 Die
413 633 439 653 23
455 626 575 654 Septembris
586 626 648 647 Sirius
661 625 685 647 ad
696 626 717 647 A
728 633 754 647 ex
765 627 785 648 B
796 634 836 649 not.
846 628 891 650 hor.
902 632 922 650 6.
936 636 967 657 ¹7-
977 637 1016 657 4²·

415 656 510 676 Meridies
522 659 564 674 not.
574 653 618 675 hor.
633 660 664 673 11.
677 660 711 679 53.
721 659 733 679 3
741 668 747 674 .

412 683 487 703 5⁰³⁶OE
504 686 592 708 tmpore
602 678 758 703 observabantur
769 689 780 704 a
794 683 827 706 CI.
838 684 891 707 Viro
906 685 985 708 Abbnte
997 686 1088 708 Viaotio
1102 685 1208 708 'thesaura-

383 710 416 731 rio
425 708 506 731 Batenfi
511 709 622 737 Tangentes
633 708 750 741 meridianae
761 712 865 741 utriusque
877 715 933 736 limbi
945 715 997 736 Solis
1010 716 1030 736 in
1043 714 1149 737 Gnomone
1161 715 1210 736 Cle-

384 740 474 760 mentino
484 737 509 759 ad
519 735 618 769 Thermas
633 736 748 769 [Jmcletiani
756 754 764 764 ‚
777 747 829 768 quae
841 741 923 767 fuerunt
938 750 1007 770 90020
1014 757 1022 771 ‚
1036 742 1117 770 89055‚
1126 743 1161 771 s'd
1167 748 1210 770 ΡΝτ

382 766 415 788 cul
424 766 476 789 dubio
488 766 507 786 iu
516 763 562 790 hasce
575 770 653 785 num
663 766 747 788 undu-
757 768 835 797 inp-effic,

355 795 394 817 Die
409 801 437 822 ²4
450 792 573 821 Sepeembtis
583 792 645 813 Sirius
655 791 681 814 ad
690 793 710 814 A
720 801 745 815 ex
754 795 774 816 B
784 804 824 819 not.
839 798 883 821 hot.
895 802 914 821 6,
928 808 960 822 12.
971 808 998 827 50
1006 816 1012 822 .

413 824 459 852 Ego
467 820 571 843 observavi
580 821 691 849 Tangentes
701 822 806 847 limborum
811 826 892 849 solisad
898 827 996 852 Thermas
1006 828 1122 852 Diocletiani
1128 835 1181 856 9²05
1185 835 1206 856 ο,

382 856 454 878 90290
463 866 469 871 -

351 880 390 901 Die
420 887 431 906 5
446 877 566 907 Septembris
579 878 643 902 Sirius
651 879 677 902 ad
688 880 707 902 A
717 888 742 902 ex
751 880 772 903 B
785 889 826 905 not.
836 884 880 907 hor.
893 887 911 907 6.
924 891 942 911 7.
955 888 995 913 58.

351 883 432 931 Dietcs
446 907 565 935 Septembris
576 908 639 930 Sirius
650 907 675 930 ad
687 908 707 931 A
718 916 743 931 ex
756 911 773 932 B
781 917 824 933 not.
836 912 880 936 hor.
892 916 912 935 6.
926 920 946 940 3.
959 922 968 936 1
973 921 996 941 ς.

409 936 503 958 Meridies
515 941 557 957 not.
568 935 613 957 hor.
628 943 660 960 ιι,
670 944 705 965 49.
719 945 753 966 ¹3·

351 965 395 987 Die
409 965 435 986 28
449 964 569 992 Septembris
579 964 642 987 Sirius
651 965 676 988 ad
685 966 705 987 A
716 974 742 988 ex
752 966 771 989 Β
780 974 822 991 not.
832 969 877 993 hor.
895 976 913 997 ς.
927 977 961 999 33.
975 974 1012 993 2²:

407 994 500 1015 Meridies
512 999 555 1014 not.
566 992 609 1014 hor.
623 1000 654 1014 u.
664 995 700 1020 4⁶·
710 995 757 1020 483—
766 1011 772 1017 .

349 1023 388 1044 Die
402 1029 428 1049 29
442 1022 466 1044 ει
483 1021 561 1043 tembtis
573 1021 634 1042 Sirius
643 1021 669 1043 ad
681 1024 701 1044 A
713 1030 738 1045 ex
748 1023 769 1046 B
779 1031 820 1048 not.
830 1026 874 1049 hor.
885 1034 903 1055 ⁵·
914 1028 948 1056 4⁸·
964 1027 1001 1056 38-

406 1029 499 1073 Meridies
508 1055 549 1071 not.
558 1049 603 1071 hor.
616 1056 649 1072 u.
660 1058 697 1078 4⁵·
708 1058 720 1077 3
723 1056 753 1078 33-
761 1068 768 1074 .

348 1079 386 1101 Die
415 1086 425 1101 1
442 1078 539 1101 octobris
552 1078 646 1101 Meridies
655 1085 696 1101 nor.
706 1080 750 1102 hor.
764 1088 796 1103 11.
806 1089 840 1110 43.
849 1091 870 1111 4.

347 1107 386 1129 Die
414 1115 426 1129 2
440 1107 533 1129 octobris
545 1107 639 1129 Meridies
649 1114 690 1130 not.
704 1108 749 1131 hor.
763 1117 795 1132 u.
809 1118 844 1138 μ.
853 1120 880 1140 45
889 1128 895 1135 .

347 1136 385 1158 Die
413 1143 424 1164 3
439 1136 533 1158 Ostobris
544 1135 607 1157 Sirius
615 1136 640 1158 ad
650 1134 670 1158 A
680 1144 704 1159 ex
713 1137 733 1159 B
743 1145 785 1161 not.
795 1139 841 1161 hor.
855 1147 873 1167 ⁵·
884 1147 917 1167 ²9-
931 1148 955 1163 10
965 1144 973 1163 Σ

403 1165 497 1186 Meridies
508 1169 550 1185 not.
562 1163 605 1186 hor.
618 1172 650 1186 u.
659 1172 693 1192 40.
705 1173 742 1193 31.
772 1188 775 1191 ,
879 1193 881 1195 ¹

346 1190 389 1214 Die
404 1200 429 1220 19
445 1192 566 1214 Novembris
575 1192 679 1220 bmkgium
687 1194 805 1222 substiterat,
818 1203 841 1218 ac
850 1196 908 1219 denuo
921 1197 1018 1219 incitatum
1023 1196 1099 1225 fuera-

403 1221 497 1243 Metidies
507 1227 548 1243 not-
558 1221 605 1243 hor.
618 1228 649 1243 rr.
660 1229 695 1249 49.
710 1230 746 1250 19.
1099 1235 1102 1237 v

401 1250 464 1272 Sirius
474 1250 499 1272 ad
509 1249 583 1272 ferrum
593 1249 613 1272 A
623 1257 648 1271 ex
658 1252 675 1272 B
683 1253 736 1274 ηοᾶ.
747 1251 802 1280 sequ.
816 1258 858 1275 not.
867 1254 911 1276 hor.
926 1261 944 1275 2.
959 1261 991 1282 3¹·
1002 1256 1040 1275 26.

343 1277 383 1299 Die
399 1285 426 1300 ²0
441 1278 561 1301 Novembris
571 1278 665 1302 Meridies
674 1287 716 1302 not.
731 1280 777 1303 hor.
791 1287 824 1302 ιι.
837 1282 871 1309 48.
887 1289 911 1310 ²3
919 1286 930 1307 ξ
939 1298 945 1303 .

344 1306 389 1339 Die·
398 1314 425 1334 ²7
439 1307 551 1329 Decembris
559 1308 611 1329 noa.
621 1307 674 1337 sequ.
684 1309 746 1330 Sirius
757 1308 782 1330 ad
792 1308 866 1332 ferrum
877 1310 898 1333 A
908 1317 934 1332 ex
944 1309 965 1332 B
977 1317 1018 1334 not.
1030 1311 1073 1332 hor.
1085 1314 1117 1331 u.
1134 1313 1166 1333 19·
1178 1315 1192 1329 ο

371 1337 448 1358 circiter
456 1351 463 1357 .

342 1362 381 1385 Die
396 1364 421 1386 28
436 1364 548 1387 Decembris
559 1366 653 1388 Meridies
663 1372 704 1388 not.
718 1365 762 1388 hor.
776 1372 806 1388 ιι.
817 1373 849 1388 21.
861 1373 899 1394 33.

399 1393 461 1414 Nost.
472 1393 526 1422 sequ.
540 1393 608 1416 Venus
618 1395 643 1416 ad
657 1394 730 1417 ferrum
742 1393 764 1415 A
773 1401 800 1417 ex
809 1396 838 1421 B,
852 1396 912 1423 paulo
923 1395 980 1425 supra
989 1394 1021 1421 Α.
1035 1399 1077 1416 not.
1088 1392 1154 1415 horol·
1170 1399 1190 1414 ²-

371 1426 403 1442 20.
418 1428 442 1448 7.

341 1447 379 1470 Die
395 1457 420 1478 ²9
433 1450 552 1473 Decembris
563 1450 657 1473 Meridies
669 1457 710 1473 nor.
721 1450 765 1473 bor.
779 1457 811 1473 u.
821 1458 856 1480 ρο.
871 1458 908 1479 ⁵1·
928 1477 929 1480 Ἴ
