1273 1842
366 210 399 234 7²
609 207 901 231 OBSERVATloNEs

331 278 385 298 ¹707
638 271 769 295 MDcc
783 272 858 295 Vll.

393 328 414 350 Ie
432 335 442 349 2
459 328 542 350 Ianuarii
556 327 606 350 hora
625 335 642 350 ι,
656 335 679 354 ις
692 329 735 357 post
748 328 848 351 meridiem
859 329 879 349 in
889 328 969 351 aedibus
979 327 1113 351 Cancellariae
1123 329 1180 358 Apo-

406 357 480 378 stolicae
493 355 596 378 observavi
608 357 701 378 maculam
714 357 765 378 Solis
775 357 824 378 mihi
834 356 938 378 indicatam
953 357 978 378 ab
989 357 1114 379 Illunriffimo
1125 359 1179 379 Mar-

355 386 426 407 chione
436 383 523 413 salvago
532 385 628 410 Genuae,
639 385 675 412 qui
685 383 762 406 viderat
771 385 803 406 die
817 392 839 405 u
853 384 970 406 Decembris
982 387 1033 413 circa
1043 392 1129 407 centrum
1142 387 1178 408 So-

354 413 380 434 lis
388 428 396 439 ,
409 414 429 434 ὄι
443 413 469 434 ab
480 419 566 440 utroque
580 413 633 434 ΒΑ).
645 411 756 434 Manfredio
770 413 868 434 Bononiae
883 413 915 434 die
927 412 994 435 eadem
1007 412 1156 436 observantibus
1171 429 1177 435 .

354 441 421 464 Hodie
431 442 502 463 iterum
514 439 565 462 cons
575 440 669 462 iciebatur
680 441 730 463 eirca
743 440 823 462 limbum
837 442 950 463 orientalem
962 457 968 462 .
1075 440 1077 443 '

382 469 418 492 Ab
431 468 514 491 excursu
529 469 564 490 lim
580 470 585 489 i
600 469 731 497 praecedentis
748 477 782 498 per
799 468 853 491 filum
867 468 936 492 ascens.
949 471 1011 492 rectae
1023 472 1041 492 in
1053 472 1177 492 micrometro

354 497 380 519 ad
391 498 485 520 maculam
500 498 600 519 numeravi
610 497 682 525 pluries
694 496 775 519 secunda
794 504 830 518 121
845 498 936 520 horaria.
950 499 984 520 Ab
996 498 1077 521 excursu
1092 499 1176 522 maculae

354 526 381 548 ad
396 526 477 548 limbum
495 525 605 554 sequentem
624 524 705 548 secunda
721 533 759 547 ²1.
775 524 827 548 Tota
842 526 935 548 diameter
947 527 998 548 Solis
1013 528 1032 547 in
1046 526 1127 548 excursu
1139 528 1177 548 im-

391 554 420 576 dit
431 553 514 576 secunda
527 561 579 581 142,
592 552 626 575 seu
639 555 683 575 min.
698 561 716 576 2.
730 561 768 575 22.
780 553 879 576 Distantia
890 555 974 577 maculae
989 561 1000 577 a
1009 556 1094 583 margine
1104 556 1177 577 austra-

362 584 369 603 i
380 583 431 605 Solis
441 584 524 611 partium
539 589 564 608 5,
577 582 665 610 qualium
673 582 778 605 Diameter
790 582 841 603 Solis
853 590 872 608 9·

325 611 363 633 Die
378 618 404 632 ao
417 611 484 632 Martii
498 610 522 632 ad
537 609 635 631 Thermas
647 611 726 632 incitavi
742 611 884 639 horologium.
897 611 991 633 Meridies
1004 617 1044 634 not.
1057 611 1101 633 hor.
1118 617 1139 631 0.
1159 618 1176 633 ι.

354 639 400 667 38}
413 637 526 667 Tangentes
539 639 619 664 ⁹¹⁶35,
635 638 709 665 89893.
1075 638 1077 640 '

381 667 443 688 Sirius
456 666 481 687 ad
492 664 619 686 meridianum
631 672 672 687 not.
683 667 727 687 hor.
742 667 761 687 6.
774 672 807 694 33.
820 672 852 694 33.
1075 679 1078 681 Δ
1113 686 1119 694 ,μ
1138 686 1141 689 .

323 693 360 715 Die
376 701 401 715 21
416 694 484 715 Martii
497 692 628 722 praesentibus
639 694 780 719 Illustriffimis,
794 695 813 716 δι
823 694 991 717 Reverendiffimis
1001 695 1096 717 Dominis
1107 695 1175 717 Marfi-

351 722 381 744 lio
394 721 494 750 Episcopo
505 721 609 749 Perusino,
623 723 643 743 δι
653 723 747 751 Polignac
760 722 780 744 S.
793 722 817 744 R.
829 723 856 746 A.
868 723 961 745 Meridies
972 731 1014 746 not.
1025 724 1070 745 hor.
1083 731 1102 745 0.
1116 725 1173 751 a-z6,

350 749 462 779 Tangentes
472 756 553 778 90375‚
568 748 644 779 88654.
676 775 678 777 ¹
1138 770 1141 773 .

380 779 442 801 Sirius
453 778 478 800 ad
489 778 617 800 meridianum
628 784 670 801 not.
682 778 726 801 hor.
738 782 758 800 6.
770 784 803 805 3²·
813 779 832 801 8.

321 808 363 830 Die
379 815 403 835 ²3
419 808 486 829 Martii
501 814 540 829 non
549 806 595 829 satis
604 807 657 829 claro
667 814 710 830 aere
720 823 725 829 .
738 808 832 829 Meridies
843 812 885 830 not.
896 808 941 831 hor.
954 816 974 830 0.
988 815 1006 830 ι.
1016 811 1048 835 73-
1058 823 1065 834 ‚
1079 808 1172 837 Tangen-

351 842 380 858 tes
393 836 478 863 87945,
492 836 567 860 86240.

377 865 439 886 Sirius
453 864 478 885 ad
493 864 621 886 meridianum
635 870 677 885 not.
690 864 734 886 hor.
746 867 766 886 6.
779 871 811 892 ²4·
824 870 851 892 3²
863 879 869 886 .
882 863 995 887 Adfuerunt
1014 864 1133 887 Illustrissimi
1149 871 1173 887 ae

350 892 508 915 Reverendiffimi
519 891 572 913 DD.
584 892 658 913 Marfili
667 907 674 917 ‚
687 893 707 914 δε
717 893 823 921 Polignac.

322 922 359 944 Die
374 928 399 948 ²9
413 920 496 942 Martii.
510 920 644 949 Horologium
654 920 781 950 prosequitur
792 926 867 943 motum
883 927 909 942 ez
923 920 957 943 die
968 927 1004 941 ιο.
1018 921 1080 943 Sirius
1091 920 1116 942 ad
1131 927 1173 943 me-

350 949 446 972 ridianum
456 955 498 971 not.
512 949 557 971 hor.
567 951 587 970 6.
599 956 618 970 a.
627 948 662 976 48.
1111 964 1113 966 .

320 978 363 1001 Die
379 986 390 1000 ²
405 975 480 1006 Aprilis
489 977 541 999 hora
553 984 585 1003 ¹9·
597 985 610 998 o
619 977 663 1006 post
675 977 775 999 meridiem
786 977 932 1006 praecedentem
940 977 1003 1000 ,Solis
1015 978 1079 1006 imago
1090 978 1109 998 in
1119 983 1171 999 tran-

348 1006 386 1028 fitu
396 1013 431 1035 per
441 1005 496 1027 filum
508 1006 608 1027 horarium
621 1005 720 1035 telestopii
731 1005 838 1028 insumebat
849 1006 968 1028 vibrationes
979 1006 1077 1034 horologii
1089 1007 1171 1034 portari-

349 1035 372 1056 lis
384 1038 434 1062 365.
449 1034 484 1056 Ab
495 1032 577 1056 excursu
588 1035 659 1063 prioris
669 1035 723 1057 limbi
734 1042 769 1063 per
783 1034 947 1059 filum‘hoiarium
958 1034 982 1056 ad
993 1034 1094 1055 tranfitum
1105 1040 1170 1055 macu-

350 1064 381 1085 lae
397 1065 409 1088 (
419 1069 466 1090 quae
478 1062 530 1084 boare
540 1063 559 1083 in
569 1062 609 1084 Sole
617 1062 735 1090 speRabam
742 1065 755 1089 )
768 1062 911 1087 intercedebant
927 1063 1045 1084 vibrationes
1057 1070 1094 1090 43.
1108 1062 1170 1084 Diffe-

349 1093 411 1114 rentia
420 1091 553 1112 declinationis
564 1090 619 1115 limbi
631 1091 718 1114 Borealis
728 1092 791 1116 Solis,
804 1093 824 1116 δι
835 1091 920 1114 maculae
931 1098 980 1120 part.
989 1092 1107 1112 mierometri
1122 1098 1146 1117 ¹5
1160 1104 1167 1116 ,

348 1119 436 1148 qualium
447 1120 541 1141 diameter
552 1119 603 1141 Solis
614 1122 648 1146 4⁶·
680 1131 682 1133 >
887 1143 889 1146 ,

320 1147 362 1170 Dic
379 1155 405 1175 ¹4
418 1147 494 1175 Aprilis
506 1147 530 1169 ad
539 1148 634 1172 Thermas
645 1149 760 1173 Diocletiani
773 1147 885 1176 Tange-:tes
896 1147 1002 1169 limborurn
1013 1147 1064 1169 Solis
1077 1149 1144 1174 ⁶47⁹5
1159 1162 1167 1174 ,

346 1178 427 1204 ⁶3405·
441 1175 516 1198 Eadem
533 1176 566 1200 die
578 1176 604 1198 ad
617 1176 722 1206 Vesperam
738 1177 825 1199 transtuli
838 1175 869 1198 ad
880 1176 1020 1198 Cancellariam
1031 1190 1038 1201 ,
1050 1177 1069 1197 &
1085 1177 1165 1197 incitavi

346 1205 473 1233 horologium
483 1203 597 1226 Parifiense.
780 1209 782 1213 ’

377 1233 427 1255 Not.
444 1233 508 1254 horol.
526 1240 557 1255 ιο.
574 1236 607 1261 33.
625 1239 650 1259 55
661 1234 720 1256 Prior
728 1233 801 1255 limbus
811 1233 868 1255 lunae
879 1230 903 1255 ad
915 1232 1041 1254 meridianum
1053 1231 1167 1253 exactiffime

347 1267 391 1284 cnm
403 1261 521 1289 penumbra.

317 1290 360 1313 Die
376 1296 400 1316 ις
416 1289 491 1318 Aprilis
502 1289 526 1311 ad
537 1288 688 1312 cancellariam.
702 1289 808 1319 Horologii
819 1296 883 1311 motus
894 1288 1015 1318 perseverat.
1025 1287 1116 1310 Meridies
1129 1294 1165 1309 no-

346 1325 398 1341 tante
408 1318 472 1340 horol.
484 1324 517 1339 u.
527 1324 559 1343 59.
573 1319 604 1344 3⁶-

374 1347 426 1369 Noc.
438 1346 493 1375 sequ.
502 1352 544 1368 not.
556 1345 600 1367 hor.
616 1353 647 1368 n.
660 1352 691 1372 ις.
701 1354 714 1366 ο
727 1347 805 1368 Primus
814 1346 870 1368 lunae
882 1345 953 1367 limbus
963 1345 987 1367 ad
999 1343 1136 1365 meridianum.

375 1375 471 1397 Distantia
482 1375 537 1397 limbi
548 1373 654 1403 superioris
663 1382 674 1397 a
686 1376 759 1396 vertice
774 1382 807 1404 per
819 1375 930 1396 Sextantem
939 1381 969 1402 gr.
980 1375 1012 1401 46.
1024 1378 1035 1398 9
1042 1386 1048 1392 -
1061 1370 1163 1394 Inferioris

347 1404 382 1430 46.
391 1410 430 1430 40.
443 1403 494 1425 Nor.
503 1403 547 1426 hor.
560 1410 590 1424 u.
602 1410 632 1430 ¹7·
649 1411 662 1430 7
675 1403 774 1425 Secundus
788 1404 845 1425 lunae
857 1403 928 1424 limbus
938 1402 962 1423 ad
974 1401 1112 1422 meridianum.

373 1431 418 1453 Not
430 1432 474 1453 hor.
489 1438 520 1453 u.
532 1438 564 1460 33.
575 1438 589 1453 o
598 1432 655 1460 Spica
674 1432 762 1460 Virginis
777 1433 827 1453 eirca
843 1431 969 1453 meridianum
986 1428 1061 1451 versans
1077 1429 1133 1451 distat
1149 1435 1160 1450 a

344 1460 418 1482 vertice
427 1460 483 1489 grad.
496 1466 528 1484 ςι.
541 1467 573 1487 30.

371 1488 461 1511 Notante
471 1488 579 1517 horologio
591 1494 623 1510 n.
638 1494 667 1515 40
677 1486 732 1510 lunae
741 1487 835 1510 diameter
847 1484 944 1508 subteudir
957 1487 976 1508 in
990 1484 1162 1536 Telesfflgssgal-
