1273 1842
372 207 405 225 20
559 203 562 206 ’
621 200 906 222 OBSERVATIONES

340 247 349 261 r
366 248 392 261 οι

353 249 476 297 7die1'21quaee
491 268 569 296 quotidie
582 275 603 289 ex
619 275 653 289 uuo
667 267 726 289 eodem
737 267 820 294 horologio
833 267 921 292 notabat,
934 271 1009 293 apparet
1021 268 1059 290 eiut
1076 276 1144 292 morum
1154 278 1188 292 non

366 298 420 319 valde
427 298 479 328 fmffi·
490 296 599 324 aequabilem
608 312 613 317 .

339 328 375 348 Die
390 334 422 354 3¹·
438 327 504 348 Martii
518 325 610 347 Meridies
627 331 667 346 not.
681 325 725 347 hor.
740 334 760 347 o.
777 332 795 352 7.
812 332 831 351 9.
847 324 957 353 Tangentes
977 325 1080 348 limborum
1096 328 1147 349 Solis
1163 326 1184 351 b

381 355 392 376 8
436 371 440 376 .
467 355 528 380 6890.

367 362 379 382 7
394 361 482 410 ΐ-ῗοί277.
496 390 506 403 2
510 390 527 409 5.
541 383 618 409 (opinor
628 382 708 409 horologii
716 381 783 410 stabim
799 382 827 402 ad
836 382 925 404 Ther-mat
936 395 943 405 ,
956 387 977 401 tx
990 389 1023 408 quo
1034 383 1123 404 unifica
1138 388 1188 404 nota.

365 411 419 437 bat)
434 413 501 433 Venus
516 417 625 438 comparata
640 417 683 431 cum
700 409 781 431 secunda
799 410 872 432 Arietis
886 410 910 431 ab
922 416 943 430 ea
961 410 1027 431 differt
1047 412 1188 433 vibrationibus

368 447 415 467 350.
426 455 432 466 ,
446 446 514 467 nempe
533 441 579 460 min.
596 446 613 459 2.
632 445 662 464 ¹9-
683 440 775 467 temporis
789 453 796 463 ‚
810 439 828 459 δι
844 438 977 460 declinationis
992 446 1040 467 part.
1052 447 1098 467 32.‚
1115 440 1152 461 hoc
1163 440 1189 461 est

366 469 433 490 Venus
447 468 546 490 australior
557 467 584 488 est
594 467 640 488 min.
655 474 688 493 49.
1066 472 1068 474 ·

395 498 448 518 Hora
462 504 481 523 7.
496 503 528 523 45.
541 496 607 517 eadem
618 502 629 516 a
642 497 703 523 prima
715 494 790 517 Arietis
800 494 863 517 differt
879 496 947 517 vibrat.
964 501 1011 522 440.
1024 503 1048 517 ex
1060 496 1122 517 limbo
1137 503 1191 524 prae..

368 526 448 546 cedente
461 525 607 551 Veneris‚443.
618 530 641 544 ex
656 530 716 545 cornu
729 524 802 548 boreo,
816 531 863 552 453.
874 531 897 545 ex
908 530 970 545 cornu
981 524 1068 549 australi,
1076 524 1188 546 declinatio-

369 555 398 574 nis
418 560 465 574 vero
482 553 532 580 paci.
548 555 594 577 26}
610 551 656 572 idest
671 553 716 572 min.
731 558 765 578 40.

396 581 464 602 Lunae
480 582 575 602 Diametcr
586 579 684 601 subtendit
695 587 759 607 partes
772 583 816 604 20¹,-

396 609 462 630 Postea
472 609 553 630 elevaris
562 608 680 637 ponderibus
693 609 820 636 horologium
832 607 910 630 ceffavit
923 616 956 637 per
968 610 1056 636 quinque
1068 607 1154 630 secunda
1162 624 1167 629 .

339 637 376 658 Die
391 638 454 665 prima
468 638 543 685 Aprilssis
557 637 650 658 Meridies
664 642 704 657 not.
719 637 762 658 hor.
775 643 794 657 ο.
810 644 829 663 7.
845 639 879 663 46.
895 639 1004 665 Tangcnres
1018 637 1125 664 limbqrum
1142 637 1192 658 Solis

405 673 443 692 773
448 673 479 691 50.
490 673 516 691 75
534 672 565 685 ιο.

366 668 464 715 kVenus
475 693 499 714 ad
512 693 640 714 Meridianum
655 698 696 713 nor.
712 692 754 713 hor.
770 700 786 713 1.
797 700 814 718 5.
825 698 856 719 34.
867 694 908 714 eius
923 694 1013 721 Tangens
1026 693 1102 720 43448.

395 722 451 743 Hora
468 728 486 747 7.
504 729 535 742 ιο.
552 721 668 742 Disteremia
679 719 791 741 ascensionis
802 721 864 742 restae
877 722 972 745 Veneris,
986 722 1005 742 &
1015 723 1087 749 primae
1093 721 1159 743 stellae
1166 725 1194 743 A—

368 750 420 771 rietis
434 757 457 771 ex
469 757 529 771 cornu
546 750 606 770 boreo
622 749 705 769 Veneris
721 749 790 770 vibrat.
801 755 889 775 243.,ex
904 749 977 770 australi
990 756 1048 776 253..
1059 750 1194 772 declinationis

370 784 418 798 vero
428 778 515 805 partibus
529 785 560 798 22.
572 777 648 798 reticuli
658 791 664 800 ‚
678 783 729 804 quae
743 776 786 798 sunt
798 778 843 798 min.
855 778 921 799 circuli
932 778 1009 799 maximi
1023 784 1055 804 33.

399 806 479 826 Adduxi
493 806 629 833 horologium,
643 804 719 825 celsavit
731 812 765 832 per
778 808 790 825 6
801 804 892 827 secunda.

340 831 383 853 Die
402 841 419 854 2.
436 834 509 861 Aprilis
523 834 566 854 hor.
581 840 598 859 7.
613 839 642 854 ro.
654 833 721 853 Venus
735 839 844 861 comparata
853 840 898 855 curn
910 834 971 861 prima
984 833 1058 854 Arietis
1072 840 1112 855 eam
1125 833 1195 863 seque-

368 861 426 883 batur
437 862 505 883 vibrat.
521 870 549 882 ro.
561 868 585 881 ex
599 861 660 882 limbo
672 861 810 887 praecedente,
826 862 896 883 vibrat.
912 867 943 888 13.
957 869 981 882 ex
995 868 1056 882 cornu
1071 862 1146 887 boreo,
1163 864 1193 883 vi-

369 890 418 911 brar.
434 896 466 915 ²3.
483 897 506 910 ex
521 896 580 910 cornu
595 890 679 910 austrino
691 904 696 909 .
711 888 823 911 Differentia
835 890 969 911 declinationis
981 889 1059 914 stellae,
1072 891 1090 911 ὃ(
1106 890 1193 912 Veneris

368 919 419 946 paci.
430 919 546 939 micrometri
564 925 595 944 17.

396 946 530 974 Horologium
543 945 620 967 cellavit
631 952 665 973 per
676 944 708 966 sex
722 944 814 967 secunda.

340 974 377 995 Die
391 982 409 1001 3.
421 975 496 1002 Aprilis
506 974 598 995 Meridies
610 981 649 996 not.
664 974 706 995 hor.
721 981 740 994 o.
752 981 770 999 9.
782 981 800 1001 3.
811 974 921 1002 Tangentes
931 973 953 998 K
963 980 1039 1000 75225.
1051 981 1126 1002 73730.

397 1003 484 1024 Notante
498 1004 540 1024 hor.
556 1009 575 1023 ο.
593 1009 625 1028 57.
646 1009 679 1029 3²·
693 1003 768 1023 circiter
780 1002 847 1024 Venus
857 1002 881 1023 ad
892 1002 1032 1027 Mamm-ium,
1046 1003 1087 1024 eius
1099 1004 1193 1031 'tangens

398 1034 425 1051 06
440 1047 444 1052 .
711 1042 713 1044 ·

368 1037 450 1080 44Ηοςηι
461 1067 479 1086 7.
492 1066 524 1085 30.
537 1059 605 1083 ,Venus
617 1065 726 1087 comparata
739 1065 782 1079 cum
793 1060 854 1086 prima
868 1058 919 1079 stella
935 1059 1008 1079 Arietis
1022 1058 1047 1079 ab
1056 1065 1078 1080 ea
1089 1058 1195 1080 differebat

345 1088 347 1091 ’
367 1089 388 1108 in
403 1087 527 1108 astenfionem
538 1088 607 1108 testam
616 1087 685 1109 vibrat.
695 1088 790 1112 hor.253.
802 1094 826 1107 ex
837 1094 897 1108 cornu
905 1087 977 1111 borco,
991 1086 1114 1114 praecedebat
1122 1087 1192 1108 Venus

366 1114 484 1143 sequebatur
500 1116 551 1137 stella
566 1116 665 1137 aussralior
681 1117 755 1137 Venere
771 1121 819 1141 part.
836 1116 956 1136 Micrometri
975 1118 1018 1138 10}
1031 1129 1037 1139 ,
1052 1115 1083 1136 seu
1099 1116 1146 1136 min.
1162 1123 1192 1142 ις.

398 1160 402 1164 .
412 1151 500 1165 circiter.

367 1151 477 1193 ”mevam
487 1172 571 1199 pondere
585 1172 710 1200 horologium
725 1172 803 1192 cessavit
818 1178 852 1198 per
864 1172 953 1199 quinque
964 1169 1056 1192 secunda.

340 1201 378 1221 Die
389 1208 408 1227 4.
420 1201 494 1228 Aprilis
505 1200 597 1221 Meridies
609 1207 649 1221 nor.
662 1201 705 1221 hor.
720 1207 739 1221 o.
757 1207 775 1226 9.
791 1203 840 1225 55&
856 1201 965 1227 Tange-ntes
984 1197 1005 1222 -ῑζ,
1023 1206 1097 1226 74190.
1111 1206 1164 1227 727¹
1171 1208 1189 1221 2.

398 1230 463 1249 Venus
475 1229 499 1249 ad
510 1228 638 1249 Meridianum
651 1235 690 1249 not.
702 1229 745 1250 hor.
759 1234 777 1248 ο.
793 1235 823 1253 52-
834 1229 851 1248 ⁶.
865 1228 906 1248 eius
919 1226 937 1247 T
939 1234 1009 1254 angens
1020 1228 1095 1255 44468.

394 1257 451 1278 Prior
467 1258 521 1278 lunae
536 1257 607 1276 limbus
625 1256 648 1276 ad
664 1257 793 1278 Meridianum
808 1258 816 1276 (
827 1262 848 1276 ex
858 1255 904 1284 figno
911 1254 1047 1281 pomeridiano)
1059 1263 1099 1277 nor.
1112 1256 1159 1277 hor.
1173 1264 1195 1283 5.

369 1292 400 1312 33.
414 1292 431 1311 ς.
445 1286 555 1312 Tangenrcs
570 1284 669 1305 distantiae
685 1285 798 1306 meridianae
814 1290 825 1304 a
841 1284 912 1305 vertice
930 1283 1036 1305 limborum
1047 1285 1102 1305 lunae
1115 1285 1197 1311 39683.

382 1315 441 1338 8625.

368 1320 378 1340 3
395 1341 456 1362 Sirius
467 1341 491 1362 ad
505 1339 629 1362 meridianum
640 1342 648 1365 (
661 1342 736 1368 exfigao
747 1339 887 1362 antemeridiano
898 1342 907 1366 )
918 1346 958 1362 not.
973 1340 1016 1361 hor.
1029 1347 1046 1365 5.
1057 1347 1091 1366 50.
1103 1347 1134 1367 17.

367 1397 380 1418 h
396 1368 491 1418 Lucidigr
504 1371 523 1390 in
537 1369 600 1390 Chela
616 1369 726 1391 australiore
739 1369 810 1391 Cancri
822 1384 829 1394 ‚
844 1368 923 1397 Bayero
939 1377 952 1390 a
966 1369 989 1390 ad
1007 1368 1132 1391 meridianum
1150 1376 1196 1393 not.

382 1404 411 1419 or.
437 1414 440 1417 .
480 1414 485 1418 .
511 1405 527 1418 2.

395 1405 463 1446 Polie}
472 1405 548 1447 eigino
559 1426 643 1454 pondere
657 1426 781 1454 horologium
793 1425 870 1448 cessavit
882 1433 916 1454 per
927 1426 959 1448 sex
970 1425 1061 1447 secunda.

337 1453 380 1476 Die
394 1461 411 1479 5.
423 1453 498 1482 Aprilis
508 1455 600 1476 Meridies
611 1456 620 1481 (
633 1455 712 1483 cxfignir
721 1454 843 1481 pomeridiana
854 1457 912 1481 )n0t.
923 1456 966 1477 hor.
978 1463 996 1476 o.
1010 1461 1041 1476 ιι.
1054 1463 1087 1482 52.
1101 1457 1195 1485 Tangen-

365 1489 394 1505 tes
408 1481 429 1507 *i
440 1488 515 1511 73200.
532 1486 607 1510 71695.

1091 1515 1160 1536 Venus
