<?xml version="1.0" encoding="UTF-8"?>
<!DOCTYPE html PUBLIC "-//W3C//DTD XHTML 1.0 Transitional//EN"
    "http://www.w3.org/TR/xhtml1/DTD/xhtml1-transitional.dtd">
<html xmlns="http://www.w3.org/1999/xhtml" xml:lang="en" lang="en">
 <head>
  <title>
</title>
<meta http-equiv="Content-Type" content="text/html;charset=utf-8" />
  <meta name='ocr-system' content='tesseract 3.04.00' />
  <meta name='ocr-capabilities' content='ocr_page ocr_carea ocr_par ocr_line ocrx_word'/>
</head>
<body>
  <div class='ocr_page' id='page_1' title='image "./astronomicaeacg00manfgoog_0151.png"; bbox 0 0 1273 1842; ppageno 0'>
   <div class='ocr_carea' id='block_1_1' title="bbox 371 236 903 263">
    <p class='ocr_par' dir='ltr' id='par_1_1' title="bbox 371 236 903 263">
     <span class='ocr_line' id='line_1_1' title="bbox 371 236 903 263; baseline -0.004 0"><span class='ocrx_word' id='word_1_1' title='bbox 371 239 418 263; x_wconf 79' lang='lat'>104</span> <span class='ocrx_word' id='word_1_2' title='bbox 609 236 903 261; x_wconf 73' lang='lat' dir='ltr'>OBSERVATl‘ONEs</span> 
     </span>
    </p>
   </div>
   <div class='ocr_carea' id='block_1_2' title="bbox 334 305 880 333">
    <p class='ocr_par' dir='ltr' id='par_1_2' title="bbox 334 305 880 333">
     <span class='ocr_line' id='line_1_2' title="bbox 334 305 880 333; baseline 0 -6"><span class='ocrx_word' id='word_1_3' title='bbox 334 311 386 333; x_wconf 82' lang='lat'>1713</span> <span class='ocrx_word' id='word_1_4' title='bbox 641 305 880 329; x_wconf 78' lang='lat' dir='ltr'>Moccxttr.</span> 
     </span>
    </p>
   </div>
   <div class='ocr_carea' id='block_1_3' title="bbox 321 359 1184 1523">
    <p class='ocr_par' dir='ltr' id='par_1_3' title="bbox 330 359 1183 530">
     <span class='ocr_line' id='line_1_3' title="bbox 395 359 1183 391; baseline 0.001 -8"><span class='ocrx_word' id='word_1_5' title='bbox 395 362 416 383; x_wconf 84' lang='lat' dir='ltr'>Ie</span> <span class='ocrx_word' id='word_1_6' title='bbox 430 369 453 383; x_wconf 82' lang='lat'>22</span> <span class='ocrx_word' id='word_1_7' title='bbox 465 361 515 383; x_wconf 76' lang='lat' dir='ltr'>Iunii</span> <span class='ocrx_word' id='word_1_8' title='bbox 526 361 647 384; x_wconf 73' lang='lat' dir='ltr'>nitidiffima.</span> <span class='ocrx_word' id='word_1_9' title='bbox 661 363 747 384; x_wconf 78' lang='lat' dir='ltr'>Incitato</span> <span class='ocrx_word' id='word_1_10' title='bbox 761 362 870 391; x_wconf 81' lang='lat' dir='ltr'>horologio</span> <span class='ocrx_word' id='word_1_11' title='bbox 885 359 987 382; x_wconf 74' lang='lat' dir='ltr'>tranfixum</span> <span class='ocrx_word' id='word_1_12' title='bbox 999 359 1102 389; x_wconf 81' lang='lat' dir='ltr'>utriusque</span> <span class='ocrx_word' id='word_1_13' title='bbox 1112 361 1183 386; x_wconf 75' lang='lat' dir='ltr'>solaris</span> 
     </span>
     <span class='ocr_line' id='line_1_4' title="bbox 408 388 1183 419; baseline 0.001 -8"><span class='ocrx_word' id='word_1_14' title='bbox 408 390 463 411; x_wconf 81' lang='lat' dir='ltr'>limbi</span> <span class='ocrx_word' id='word_1_15' title='bbox 476 390 566 412; x_wconf 73' lang='lat' dir='ltr'>adnotavi</span> <span class='ocrx_word' id='word_1_16' title='bbox 583 392 603 412; x_wconf 83' lang='lat' dir='ltr'>in</span> <span class='ocrx_word' id='word_1_17' title='bbox 620 391 724 412; x_wconf 74' lang='lat' dir='ltr'>metidiann</span> <span class='ocrx_word' id='word_1_18' title='bbox 738 390 762 412; x_wconf 75' lang='lat' dir='ltr'>ad</span> <span class='ocrx_word' id='word_1_19' title='bbox 776 390 896 419; x_wconf 73' lang='lat' dir='ltr'>Qirinnlem</span> <span class='ocrx_word' id='word_1_20' title='bbox 906 404 911 409; x_wconf 89' lang='lat'>.</span> <span class='ocrx_word' id='word_1_21' title='bbox 926 389 1004 410; x_wconf 83' lang='lat' dir='ltr'>Primus</span> <span class='ocrx_word' id='word_1_22' title='bbox 1016 388 1087 411; x_wconf 83' lang='lat' dir='ltr'>limbus</span> <span class='ocrx_word' id='word_1_23' title='bbox 1097 391 1148 414; x_wconf 82' lang='lat' dir='ltr'>Solis</span> <span class='ocrx_word' id='word_1_24' title='bbox 1158 392 1183 414; x_wconf 80' lang='lat' dir='ltr'>ad</span> 
     </span>
     <span class='ocr_line' id='line_1_5' title="bbox 357 416 1083 445; baseline -0.001 -4"><span class='ocrx_word' id='word_1_25' title='bbox 357 418 485 441; x_wconf 77' lang='lat' dir='ltr'>meridianum</span> <span class='ocrx_word' id='word_1_26' title='bbox 499 424 539 439; x_wconf 83' lang='lat' dir='ltr'>not.</span> <span class='ocrx_word' id='word_1_27' title='bbox 553 418 597 439; x_wconf 85' lang='lat' dir='ltr'>hor.</span> <span class='ocrx_word' id='word_1_28' title='bbox 617 426 647 441; x_wconf 79' lang='grc' dir='ltr'>ιι.</span> <span class='ocrx_word' id='word_1_29' title='bbox 660 419 692 445; x_wconf 74' lang='lat'>58,</span> <span class='ocrx_word' id='word_1_30' title='bbox 703 426 728 440; x_wconf 76' lang='lat'>2³</span> <span class='ocrx_word' id='word_1_31' title='bbox 738 433 745 444; x_wconf 89' lang='lat'>‚</span> <span class='ocrx_word' id='word_1_32' title='bbox 758 418 854 441; x_wconf 81' lang='lat' dir='ltr'>secundus</span> <span class='ocrx_word' id='word_1_33' title='bbox 865 424 908 439; x_wconf 82' lang='lat' dir='ltr'>not.</span> <span class='ocrx_word' id='word_1_34' title='bbox 922 416 966 439; x_wconf 87' lang='lat' dir='ltr'>hor.</span> <span class='ocrx_word' id='word_1_35' title='bbox 980 423 1000 438; x_wconf 85' lang='lat'>0.</span> <span class='ocrx_word' id='word_1_36' title='bbox 1013 423 1032 438; x_wconf 84' lang='lat'>1.</span> <span class='ocrx_word' id='word_1_37' title='bbox 1044 418 1083 440; x_wconf 70' lang='grc' dir='ltr'>ιθ.</span> 
     </span>
     <span class='ocr_line' id='line_1_6' title="bbox 384 446 932 470; baseline -0.004 -2"><span class='ocrx_word' id='word_1_38' title='bbox 384 448 446 469; x_wconf 85' lang='lat' dir='ltr'>Sirius</span> <span class='ocrx_word' id='word_1_39' title='bbox 456 447 481 468; x_wconf 86' lang='lat' dir='ltr'>ad</span> <span class='ocrx_word' id='word_1_40' title='bbox 495 446 514 468; x_wconf 83' lang='grc' dir='ltr'>Α</span> <span class='ocrx_word' id='word_1_41' title='bbox 524 453 548 468; x_wconf 80' lang='lat' dir='ltr'>ex</span> <span class='ocrx_word' id='word_1_42' title='bbox 559 448 575 468; x_wconf 86' lang='lat' dir='ltr'>B</span> <span class='ocrx_word' id='word_1_43' title='bbox 586 447 697 470; x_wconf 83' lang='lat' dir='ltr'>nitidiffitne</span> <span class='ocrx_word' id='word_1_44' title='bbox 708 454 750 470; x_wconf 87' lang='lat' dir='ltr'>not.</span> <span class='ocrx_word' id='word_1_45' title='bbox 760 447 804 470; x_wconf 83' lang='lat' dir='ltr'>hot.</span> <span class='ocrx_word' id='word_1_46' title='bbox 819 455 838 469; x_wconf 86' lang='grc' dir='ltr'>ο,</span> <span class='ocrx_word' id='word_1_47' title='bbox 848 454 881 468; x_wconf 81' lang='lat'>21.</span> <span class='ocrx_word' id='word_1_48' title='bbox 894 453 919 468; x_wconf 84' lang='lat'>10</span> <span class='ocrx_word' id='word_1_49' title='bbox 927 460 932 466; x_wconf 94' lang='lat'>.</span> 
     </span>
     <span class='ocr_line' id='line_1_7' title="bbox 330 475 804 503; baseline -0.002 -5"><span class='ocrx_word' id='word_1_50' title='bbox 330 478 368 498; x_wconf 86' lang='lat' dir='ltr'>Die</span> <span class='ocrx_word' id='word_1_51' title='bbox 385 483 411 503; x_wconf 87' lang='lat'>²4</span> <span class='ocrx_word' id='word_1_52' title='bbox 426 476 477 497; x_wconf 80' lang='lat' dir='ltr'>lunii</span> <span class='ocrx_word' id='word_1_53' title='bbox 492 475 582 497; x_wconf 72' lang='lat' dir='ltr'>meridies</span> <span class='ocrx_word' id='word_1_54' title='bbox 593 483 634 498; x_wconf 83' lang='lat' dir='ltr'>not.</span> <span class='ocrx_word' id='word_1_55' title='bbox 645 476 689 497; x_wconf 80' lang='lat' dir='ltr'>hor¹</span> <span class='ocrx_word' id='word_1_56' title='bbox 703 483 722 497; x_wconf 84' lang='lat'>0.</span> <span class='ocrx_word' id='word_1_57' title='bbox 735 483 755 497; x_wconf 82' lang='lat'>2.</span> <span class='ocrx_word' id='word_1_58' title='bbox 766 483 804 503; x_wconf 81' lang='lat'>24·</span> 
     </span>
     <span class='ocr_line' id='line_1_8' title="bbox 384 503 815 530; baseline -0.002 -4"><span class='ocrx_word' id='word_1_59' title='bbox 384 505 447 526; x_wconf 77' lang='lat' dir='ltr'>Sirius</span> <span class='ocrx_word' id='word_1_60' title='bbox 460 503 484 525; x_wconf 83' lang='lat' dir='ltr'>ad</span> <span class='ocrx_word' id='word_1_61' title='bbox 495 503 517 525; x_wconf 81' lang='lat' dir='ltr'>A</span> <span class='ocrx_word' id='word_1_62' title='bbox 525 511 549 525; x_wconf 83' lang='lat' dir='ltr'>ex</span> <span class='ocrx_word' id='word_1_63' title='bbox 562 504 581 525; x_wconf 89' lang='lat' dir='ltr'>B</span> <span class='ocrx_word' id='word_1_64' title='bbox 590 511 630 526; x_wconf 83' lang='lat' dir='ltr'>not.</span> <span class='ocrx_word' id='word_1_65' title='bbox 642 505 686 525; x_wconf 84' lang='lat' dir='ltr'>hot.</span> <span class='ocrx_word' id='word_1_66' title='bbox 697 511 716 524; x_wconf 94' lang='grc' dir='ltr'>ο.</span> <span class='ocrx_word' id='word_1_67' title='bbox 732 511 764 530; x_wconf 79' lang='lat'>15.</span> <span class='ocrx_word' id='word_1_68' title='bbox 778 511 815 525; x_wconf 82' lang='lat'>²2.</span> 
     </span>
    </p>

    <p class='ocr_par' dir='ltr' id='par_1_4' title="bbox 328 532 809 558">
     <span class='ocr_line' id='line_1_9' title="bbox 328 532 809 558; baseline 0 -4"><span class='ocrx_word' id='word_1_69' title='bbox 328 533 370 554; x_wconf 90' lang='lat' dir='ltr'>Die</span> <span class='ocrx_word' id='word_1_70' title='bbox 386 540 413 558; x_wconf 88' lang='lat'>27</span> <span class='ocrx_word' id='word_1_71' title='bbox 427 533 478 554; x_wconf 88' lang='lat' dir='ltr'>Iunii</span> <span class='ocrx_word' id='word_1_72' title='bbox 493 532 581 553; x_wconf 84' lang='lat' dir='ltr'>meridies</span> <span class='ocrx_word' id='word_1_73' title='bbox 592 539 633 554; x_wconf 84' lang='lat' dir='ltr'>not.</span> <span class='ocrx_word' id='word_1_74' title='bbox 649 532 693 553; x_wconf 88' lang='lat' dir='ltr'>hor.</span> <span class='ocrx_word' id='word_1_75' title='bbox 705 539 725 553; x_wconf 79' lang='grc' dir='ltr'>ο.</span> <span class='ocrx_word' id='word_1_76' title='bbox 740 539 759 558; x_wconf 85' lang='lat'>5.</span> <span class='ocrx_word' id='word_1_77' title='bbox 771 540 809 558; x_wconf 83' lang='lat'>²7-</span> 
     </span>
    </p>

    <p class='ocr_par' dir='ltr' id='par_1_5' title="bbox 354 558 1182 614">
     <span class='ocr_line' id='line_1_10' title="bbox 384 558 1182 589; baseline 0 -7"><span class='ocrx_word' id='word_1_78' title='bbox 384 561 449 582; x_wconf 71' lang='lat' dir='ltr'>Nosse</span> <span class='ocrx_word' id='word_1_79' title='bbox 460 560 515 589; x_wconf 88' lang='lat' dir='ltr'>sequ.</span> <span class='ocrx_word' id='word_1_80' title='bbox 525 567 566 582; x_wconf 84' lang='lat' dir='ltr'>not.</span> <span class='ocrx_word' id='word_1_81' title='bbox 578 561 641 582; x_wconf 88' lang='lat' dir='ltr'>horol.</span> <span class='ocrx_word' id='word_1_82' title='bbox 654 568 674 581; x_wconf 88' lang='lat'>0.</span> <span class='ocrx_word' id='word_1_83' title='bbox 687 567 718 587; x_wconf 81' lang='lat'>59.</span> <span class='ocrx_word' id='word_1_84' title='bbox 731 563 759 586; x_wconf 88' lang='lat'>56</span> <span class='ocrx_word' id='word_1_85' title='bbox 776 562 852 588; x_wconf 79' lang='lat' dir='ltr'>primus</span> <span class='ocrx_word' id='word_1_86' title='bbox 864 558 942 581; x_wconf 78' lang='lat' dir='ltr'>Satelles</span> <span class='ocrx_word' id='word_1_87' title='bbox 953 558 1008 579; x_wconf 84' lang='lat' dir='ltr'>Iovis</span> <span class='ocrx_word' id='word_1_88' title='bbox 1022 558 1090 586; x_wconf 81' lang='lat' dir='ltr'>incipit</span> <span class='ocrx_word' id='word_1_89' title='bbox 1100 559 1182 588; x_wconf 77' lang='lat' dir='ltr'>langue-</span> 
     </span>
     <span class='ocr_line' id='line_1_11' title="bbox 354 588 841 614; baseline -0.002 -4"><span class='ocrx_word' id='word_1_90' title='bbox 354 588 416 611; x_wconf 80' lang='lat' dir='ltr'>scere.</span> <span class='ocrx_word' id='word_1_91' title='bbox 432 588 483 610; x_wconf 80' lang='lat' dir='ltr'>Nor.</span> <span class='ocrx_word' id='word_1_92' title='bbox 494 589 539 610; x_wconf 86' lang='lat' dir='ltr'>hor.</span> <span class='ocrx_word' id='word_1_93' title='bbox 553 596 570 609; x_wconf 89' lang='lat'>1.</span> <span class='ocrx_word' id='word_1_94' title='bbox 581 596 600 610; x_wconf 84' lang='lat'>0.</span> <span class='ocrx_word' id='word_1_95' title='bbox 612 596 636 614; x_wconf 82' lang='lat'>55</span> <span class='ocrx_word' id='word_1_96' title='bbox 652 588 748 610; x_wconf 73' lang='lat' dir='ltr'>immerfio</span> <span class='ocrx_word' id='word_1_97' title='bbox 760 589 841 610; x_wconf 80' lang='lat' dir='ltr'>totalis.</span> 
     </span>
    </p>

    <p class='ocr_par' dir='ltr' id='par_1_6' title="bbox 326 613 1184 699">
     <span class='ocr_line' id='line_1_12' title="bbox 326 613 1184 645; baseline -0.001 -6"><span class='ocrx_word' id='word_1_98' title='bbox 326 619 363 639; x_wconf 84' lang='lat' dir='ltr'>Die</span> <span class='ocrx_word' id='word_1_99' title='bbox 379 625 403 639; x_wconf 87' lang='lat'>21</span> <span class='ocrx_word' id='word_1_100' title='bbox 419 616 504 645; x_wconf 84' lang='lat' dir='ltr'>Augusti</span> <span class='ocrx_word' id='word_1_101' title='bbox 516 617 645 644; x_wconf 72' lang='lat' dir='ltr'>(Hamlogium</span> <span class='ocrx_word' id='word_1_102' title='bbox 658 616 764 644; x_wconf 76' lang='lat' dir='ltr'>substiterat</span> <span class='ocrx_word' id='word_1_103' title='bbox 777 632 784 642; x_wconf 89' lang='lat'>,</span> <span class='ocrx_word' id='word_1_104' title='bbox 797 617 819 638; x_wconf 67' lang='grc' dir='ltr'><em>θ</em></span> <span class='ocrx_word' id='word_1_105' title='bbox 833 616 929 637; x_wconf 71' lang='lat' dir='ltr'>incitatum</span> <span class='ocrx_word' id='word_1_106' title='bbox 941 615 1007 642; x_wconf 61' lang='grc' dir='ltr'>[κιαι</span> <span class='ocrx_word' id='word_1_107' title='bbox 1023 613 1053 636; x_wconf 68' lang='grc' dir='ltr'>δίι-</span> <span class='ocrx_word' id='word_1_108' title='bbox 1067 617 1111 641; x_wconf 78' lang='lat'>19)</span> <span class='ocrx_word' id='word_1_109' title='bbox 1125 617 1184 644; x_wconf 83' lang='lat' dir='ltr'>prior</span> 
     </span>
     <span class='ocr_line' id='line_1_13' title="bbox 354 642 1184 671; baseline -0.001 -4"><span class='ocrx_word' id='word_1_110' title='bbox 354 646 406 667; x_wconf 78' lang='lat' dir='ltr'>Solis</span> <span class='ocrx_word' id='word_1_111' title='bbox 416 645 487 667; x_wconf 84' lang='lat' dir='ltr'>limbus</span> <span class='ocrx_word' id='word_1_112' title='bbox 497 645 521 666; x_wconf 78' lang='lat' dir='ltr'>ad</span> <span class='ocrx_word' id='word_1_113' title='bbox 533 645 660 665; x_wconf 80' lang='lat' dir='ltr'>meridianum</span> <span class='ocrx_word' id='word_1_114' title='bbox 673 650 753 665; x_wconf 74' lang='lat' dir='ltr'>notante</span> <span class='ocrx_word' id='word_1_115' title='bbox 767 645 831 666; x_wconf 73' lang='lat' dir='ltr'>hot-ol.</span> <span class='ocrx_word' id='word_1_116' title='bbox 845 651 865 665; x_wconf 84' lang='grc' dir='ltr'>ο.</span> <span class='ocrx_word' id='word_1_117' title='bbox 880 650 912 671; x_wconf 84' lang='lat'>¹3·</span> <span class='ocrx_word' id='word_1_118' title='bbox 924 642 1064 670; x_wconf 82' lang='lat' dir='ltr'>50‚secundus</span> <span class='ocrx_word' id='word_1_119' title='bbox 1078 643 1149 665; x_wconf 82' lang='lat' dir='ltr'>limbus</span> <span class='ocrx_word' id='word_1_120' title='bbox 1160 651 1184 666; x_wconf 85' lang='grc' dir='ltr'>ο.</span> 
     </span>
     <span class='ocr_line' id='line_1_14' title="bbox 357 677 754 699; baseline -0.003 -5"><span class='ocrx_word' id='word_1_121' title='bbox 357 677 389 694; x_wconf 82' lang='lat'>16.</span> <span class='ocrx_word' id='word_1_122' title='bbox 403 681 442 699; x_wconf 85' lang='lat'>40.</span> <span class='ocrx_word' id='word_1_123' title='bbox 702 687 716 693; x_wconf 63' lang='grc'>.«</span> <span class='ocrx_word' id='word_1_124' title='bbox 752 690 754 693; x_wconf 97' lang='grc'>.</span> 
     </span>
    </p>

    <p class='ocr_par' dir='ltr' id='par_1_7' title="bbox 324 699 1137 728">
     <span class='ocr_line' id='line_1_15' title="bbox 324 699 1137 728; baseline -0.004 -5"><span class='ocrx_word' id='word_1_125' title='bbox 324 702 361 723; x_wconf 90' lang='lat' dir='ltr'>Die</span> <span class='ocrx_word' id='word_1_126' title='bbox 376 708 401 722; x_wconf 83' lang='lat'>22</span> <span class='ocrx_word' id='word_1_127' title='bbox 418 699 503 728; x_wconf 75' lang='lat' dir='ltr'>Augusti</span> <span class='ocrx_word' id='word_1_128' title='bbox 517 700 571 728; x_wconf 85' lang='lat' dir='ltr'>prior</span> <span class='ocrx_word' id='word_1_129' title='bbox 582 699 654 721; x_wconf 81' lang='lat' dir='ltr'>limbus</span> <span class='ocrx_word' id='word_1_130' title='bbox 668 700 720 721; x_wconf 79' lang='lat' dir='ltr'>Solis</span> <span class='ocrx_word' id='word_1_131' title='bbox 731 700 756 721; x_wconf 82' lang='lat' dir='ltr'>ad</span> <span class='ocrx_word' id='word_1_132' title='bbox 770 700 897 723; x_wconf 81' lang='lat' dir='ltr'>meridianum</span> <span class='ocrx_word' id='word_1_133' title='bbox 911 705 953 721; x_wconf 90' lang='lat' dir='ltr'>not.</span> <span class='ocrx_word' id='word_1_134' title='bbox 965 699 1008 722; x_wconf 87' lang='lat' dir='ltr'>hor.</span> <span class='ocrx_word' id='word_1_135' title='bbox 1021 705 1042 720; x_wconf 84' lang='lat'>0.</span> <span class='ocrx_word' id='word_1_136' title='bbox 1056 706 1087 726; x_wconf 84' lang='lat'>¹4·</span> <span class='ocrx_word' id='word_1_137' title='bbox 1099 706 1137 726; x_wconf 82' lang='lat'>3².</span> 
     </span>
    </p>

    <p class='ocr_par' dir='ltr' id='par_1_8' title="bbox 323 728 940 757">
     <span class='ocr_line' id='line_1_16' title="bbox 323 728 940 757; baseline -0.003 -6"><span class='ocrx_word' id='word_1_138' title='bbox 323 731 361 751; x_wconf 89' lang='lat' dir='ltr'>Die</span> <span class='ocrx_word' id='word_1_139' title='bbox 376 736 403 755; x_wconf 77' lang='lat'>²4</span> <span class='ocrx_word' id='word_1_140' title='bbox 418 728 503 757; x_wconf 82' lang='lat' dir='ltr'>Augusti</span> <span class='ocrx_word' id='word_1_141' title='bbox 517 729 580 750; x_wconf 88' lang='lat' dir='ltr'>Sirius</span> <span class='ocrx_word' id='word_1_142' title='bbox 589 728 614 749; x_wconf 78' lang='lat' dir='ltr'>ad</span> <span class='ocrx_word' id='word_1_143' title='bbox 623 728 644 749; x_wconf 80' lang='lat' dir='ltr'>A</span> <span class='ocrx_word' id='word_1_144' title='bbox 654 735 678 750; x_wconf 88' lang='lat' dir='ltr'>ex</span> <span class='ocrx_word' id='word_1_145' title='bbox 688 728 708 750; x_wconf 93' lang='lat' dir='ltr'>B</span> <span class='ocrx_word' id='word_1_146' title='bbox 719 735 760 750; x_wconf 87' lang='lat' dir='ltr'>not.</span> <span class='ocrx_word' id='word_1_147' title='bbox 770 730 814 751; x_wconf 75' lang='lat' dir='ltr'>hor,</span> <span class='ocrx_word' id='word_1_148' title='bbox 825 729 844 750; x_wconf 83' lang='lat'>8.</span> <span class='ocrx_word' id='word_1_149' title='bbox 858 735 890 755; x_wconf 83' lang='lat'>²9-</span> <span class='ocrx_word' id='word_1_150' title='bbox 902 734 940 754; x_wconf 81' lang='lat'>30.</span> 
     </span>
    </p>

    <p class='ocr_par' dir='ltr' id='par_1_9' title="bbox 381 756 1164 784">
     <span class='ocr_line' id='line_1_17' title="bbox 381 756 1164 784; baseline -0.001 -6"><span class='ocrx_word' id='word_1_151' title='bbox 381 758 458 779; x_wconf 82' lang='lat' dir='ltr'>Primus</span> <span class='ocrx_word' id='word_1_152' title='bbox 471 756 523 778; x_wconf 84' lang='lat' dir='ltr'>Solis</span> <span class='ocrx_word' id='word_1_153' title='bbox 533 756 606 777; x_wconf 82' lang='lat' dir='ltr'>limbus</span> <span class='ocrx_word' id='word_1_154' title='bbox 618 756 644 777; x_wconf 79' lang='lat' dir='ltr'>ad</span> <span class='ocrx_word' id='word_1_155' title='bbox 657 756 786 779; x_wconf 76' lang='lat' dir='ltr'>meridianum</span> <span class='ocrx_word' id='word_1_156' title='bbox 797 756 916 779; x_wconf 81' lang='lat' dir='ltr'>subobscure</span> <span class='ocrx_word' id='word_1_157' title='bbox 927 763 968 778; x_wconf 89' lang='lat' dir='ltr'>not.</span> <span class='ocrx_word' id='word_1_158' title='bbox 980 756 1024 778; x_wconf 84' lang='lat' dir='ltr'>hor.</span> <span class='ocrx_word' id='word_1_159' title='bbox 1039 763 1059 777; x_wconf 86' lang='grc' dir='ltr'>ο,</span> <span class='ocrx_word' id='word_1_160' title='bbox 1076 761 1107 782; x_wconf 84' lang='lat'>15.</span> <span class='ocrx_word' id='word_1_161' title='bbox 1119 762 1164 784; x_wconf 53' lang='lat'>33„</span> 
     </span>
    </p>

    <p class='ocr_par' dir='ltr' id='par_1_10' title="bbox 323 783 960 813">
     <span class='ocr_line' id='line_1_18' title="bbox 323 783 960 813; baseline -0.003 -5"><span class='ocrx_word' id='word_1_162' title='bbox 323 787 361 808; x_wconf 82' lang='lat' dir='ltr'>Die</span> <span class='ocrx_word' id='word_1_163' title='bbox 377 788 403 806; x_wconf 86' lang='lat'>26</span> <span class='ocrx_word' id='word_1_164' title='bbox 417 784 501 813; x_wconf 77' lang='lat' dir='ltr'>Augusti</span> <span class='ocrx_word' id='word_1_165' title='bbox 514 785 576 806; x_wconf 81' lang='lat' dir='ltr'>sirius</span> <span class='ocrx_word' id='word_1_166' title='bbox 589 783 613 806; x_wconf 77' lang='lat' dir='ltr'>ad</span> <span class='ocrx_word' id='word_1_167' title='bbox 625 784 645 806; x_wconf 75' lang='lat' dir='ltr'><strong>A</strong></span> <span class='ocrx_word' id='word_1_168' title='bbox 654 791 680 806; x_wconf 80' lang='lat' dir='ltr'>ex</span> <span class='ocrx_word' id='word_1_169' title='bbox 690 786 706 806; x_wconf 89' lang='grc' dir='ltr'><strong>Β</strong></span> <span class='ocrx_word' id='word_1_170' title='bbox 715 792 756 807; x_wconf 83' lang='lat' dir='ltr'>not.</span> <span class='ocrx_word' id='word_1_171' title='bbox 770 786 835 808; x_wconf 63' lang='grc' dir='ltr'>θοι-οἰ.</span> <span class='ocrx_word' id='word_1_172' title='bbox 848 786 865 806; x_wconf 91' lang='lat'>8.</span> <span class='ocrx_word' id='word_1_173' title='bbox 878 793 908 813; x_wconf 87' lang='lat'>23.</span> <span class='ocrx_word' id='word_1_174' title='bbox 922 792 960 813; x_wconf 87' lang='lat'>24·</span> 
     </span>
    </p>

    <p class='ocr_par' dir='ltr' id='par_1_11' title="bbox 324 811 1180 868">
     <span class='ocr_line' id='line_1_19' title="bbox 324 811 1180 863; baseline 0 -27"><span class='ocrx_word' id='word_1_175' title='bbox 324 815 361 836; x_wconf 85' lang='lat' dir='ltr'>Die</span> <span class='ocrx_word' id='word_1_176' title='bbox 377 813 405 863; x_wconf 54' lang='lat'>2‘8¹</span> <span class='ocrx_word' id='word_1_177' title='bbox 418 813 502 842; x_wconf 84' lang='lat' dir='ltr'>Augusti</span> <span class='ocrx_word' id='word_1_178' title='bbox 516 814 571 841; x_wconf 76' lang='lat' dir='ltr'>prior</span> <span class='ocrx_word' id='word_1_179' title='bbox 581 812 654 835; x_wconf 82' lang='lat' dir='ltr'>limbus</span> <span class='ocrx_word' id='word_1_180' title='bbox 664 813 716 835; x_wconf 82' lang='lat' dir='ltr'>Solis</span> <span class='ocrx_word' id='word_1_181' title='bbox 725 813 751 835; x_wconf 79' lang='lat' dir='ltr'>ad</span> <span class='ocrx_word' id='word_1_182' title='bbox 765 815 893 837; x_wconf 80' lang='lat' dir='ltr'>meridianum</span> <span class='ocrx_word' id='word_1_183' title='bbox 909 820 950 836; x_wconf 84' lang='lat' dir='ltr'>not.</span> <span class='ocrx_word' id='word_1_184' title='bbox 965 814 1011 836; x_wconf 85' lang='lat' dir='ltr'>hor.</span> <span class='ocrx_word' id='word_1_185' title='bbox 1023 819 1043 835; x_wconf 88' lang='grc' dir='ltr'>ο.</span> <span class='ocrx_word' id='word_1_186' title='bbox 1057 814 1091 836; x_wconf 85' lang='grc' dir='ltr'>ι6.</span> <span class='ocrx_word' id='word_1_187' title='bbox 1102 811 1180 840; x_wconf 75' lang='lat' dir='ltr'>58,se-</span> 
     </span>
     <span class='ocr_line' id='line_1_20' title="bbox 353 848 558 868; baseline -0.01 -4"><span class='ocrx_word' id='word_1_188' title='bbox 353 849 391 864; x_wconf 85' lang='lat' dir='ltr'>cun</span> <span class='ocrx_word' id='word_1_189' title='bbox 406 848 429 864; x_wconf 85' lang='lat' dir='ltr'>us</span> <span class='ocrx_word' id='word_1_190' title='bbox 440 849 460 862; x_wconf 85' lang='lat'>0.</span> <span class='ocrx_word' id='word_1_191' title='bbox 474 848 505 867; x_wconf 79' lang='lat'>1⁹.</span> <span class='ocrx_word' id='word_1_192' title='bbox 517 849 543 868; x_wconf 78' lang='lat'>⁴1</span> <span class='ocrx_word' id='word_1_193' title='bbox 553 858 558 863; x_wconf 88' lang='lat'>.</span> 
     </span>
    </p>

    <p class='ocr_par' dir='ltr' id='par_1_12' title="bbox 325 869 946 898">
     <span class='ocr_line' id='line_1_21' title="bbox 325 869 946 898; baseline 0 -5"><span class='ocrx_word' id='word_1_194' title='bbox 325 872 362 893; x_wconf 87' lang='lat' dir='ltr'>Die</span> <span class='ocrx_word' id='word_1_195' title='bbox 377 877 404 896; x_wconf 88' lang='lat'>29</span> <span class='ocrx_word' id='word_1_196' title='bbox 419 869 503 898; x_wconf 79' lang='lat' dir='ltr'>Augusti</span> <span class='ocrx_word' id='word_1_197' title='bbox 517 870 580 892; x_wconf 85' lang='lat' dir='ltr'>Sirius</span> <span class='ocrx_word' id='word_1_198' title='bbox 591 870 616 892; x_wconf 75' lang='lat' dir='ltr'>ad</span> <span class='ocrx_word' id='word_1_199' title='bbox 627 870 648 892; x_wconf 77' lang='lat' dir='ltr'>A</span> <span class='ocrx_word' id='word_1_200' title='bbox 658 877 683 892; x_wconf 86' lang='lat' dir='ltr'>ex</span> <span class='ocrx_word' id='word_1_201' title='bbox 693 870 713 893; x_wconf 89' lang='lat' dir='ltr'>B</span> <span class='ocrx_word' id='word_1_202' title='bbox 725 877 765 893; x_wconf 84' lang='lat' dir='ltr'>not.</span> <span class='ocrx_word' id='word_1_203' title='bbox 774 871 819 893; x_wconf 78' lang='lat' dir='ltr'>hor.</span> <span class='ocrx_word' id='word_1_204' title='bbox 830 872 849 892; x_wconf 85' lang='lat'>8.</span> <span class='ocrx_word' id='word_1_205' title='bbox 865 878 895 892; x_wconf 68' lang='grc' dir='ltr'>ιι,</span> <span class='ocrx_word' id='word_1_206' title='bbox 906 874 946 898; x_wconf 75' lang='grc' dir='ltr'>4ο.“</span> 
     </span>
    </p>

    <p class='ocr_par' dir='ltr' id='par_1_13' title="bbox 324 897 925 926">
     <span class='ocr_line' id='line_1_22' title="bbox 324 897 925 926; baseline 0.002 -6"><span class='ocrx_word' id='word_1_207' title='bbox 324 900 362 920; x_wconf 90' lang='lat' dir='ltr'>Die</span> <span class='ocrx_word' id='word_1_208' title='bbox 377 905 404 926; x_wconf 89' lang='lat'>30</span> <span class='ocrx_word' id='word_1_209' title='bbox 418 897 502 926; x_wconf 81' lang='lat' dir='ltr'>Augusti</span> <span class='ocrx_word' id='word_1_210' title='bbox 515 899 579 920; x_wconf 79' lang='lat' dir='ltr'>Sirius</span> <span class='ocrx_word' id='word_1_211' title='bbox 588 898 614 919; x_wconf 75' lang='lat' dir='ltr'>ad</span> <span class='ocrx_word' id='word_1_212' title='bbox 627 899 648 920; x_wconf 84' lang='lat' dir='ltr'>A</span> <span class='ocrx_word' id='word_1_213' title='bbox 661 905 685 920; x_wconf 84' lang='lat' dir='ltr'>ex</span> <span class='ocrx_word' id='word_1_214' title='bbox 695 900 712 920; x_wconf 85' lang='lat' dir='ltr'>B</span> <span class='ocrx_word' id='word_1_215' title='bbox 722 905 763 920; x_wconf 83' lang='lat' dir='ltr'>not.</span> <span class='ocrx_word' id='word_1_216' title='bbox 776 899 820 921; x_wconf 83' lang='lat' dir='ltr'>hor.</span> <span class='ocrx_word' id='word_1_217' title='bbox 831 900 853 920; x_wconf 85' lang='lat'>8.</span> <span class='ocrx_word' id='word_1_218' title='bbox 867 906 885 926; x_wconf 84' lang='grc'>9.</span> <span class='ocrx_word' id='word_1_219' title='bbox 895 906 908 920; x_wconf 95' lang='grc' dir='ltr'><strong>ο</strong></span> <span class='ocrx_word' id='word_1_220' title='bbox 918 914 925 921; x_wconf 73' lang='grc'><strong>.</strong></span> 
     </span>
    </p>

    <p class='ocr_par' dir='ltr' id='par_1_14' title="bbox 323 926 827 954">
     <span class='ocr_line' id='line_1_23' title="bbox 323 926 827 954; baseline 0 -5"><span class='ocrx_word' id='word_1_221' title='bbox 323 929 362 949; x_wconf 87' lang='lat' dir='ltr'>Die</span> <span class='ocrx_word' id='word_1_222' title='bbox 391 934 401 948; x_wconf 79' lang='lat'>1</span> <span class='ocrx_word' id='word_1_223' title='bbox 416 927 502 954; x_wconf 87' lang='lat' dir='ltr'>Septem.</span> <span class='ocrx_word' id='word_1_224' title='bbox 516 926 606 948; x_wconf 86' lang='lat' dir='ltr'>meridies</span> <span class='ocrx_word' id='word_1_225' title='bbox 616 933 659 948; x_wconf 79' lang='lat' dir='ltr'>net.</span> <span class='ocrx_word' id='word_1_226' title='bbox 672 927 715 949; x_wconf 86' lang='lat' dir='ltr'>bor.</span> <span class='ocrx_word' id='word_1_227' title='bbox 726 934 746 948; x_wconf 82' lang='grc' dir='ltr'>ο.</span> <span class='ocrx_word' id='word_1_228' title='bbox 756 928 788 949; x_wconf 81' lang='lat'>18.</span> <span class='ocrx_word' id='word_1_229' title='bbox 799 935 827 954; x_wconf 84' lang='lat'>7.</span> 
     </span>
    </p>

    <p class='ocr_par' dir='ltr' id='par_1_15' title="bbox 322 955 840 984">
     <span class='ocr_line' id='line_1_24' title="bbox 322 955 840 984; baseline 0 -6"><span class='ocrx_word' id='word_1_230' title='bbox 322 957 360 978; x_wconf 80' lang='lat' dir='ltr'>Die</span> <span class='ocrx_word' id='word_1_231' title='bbox 388 962 399 983; x_wconf 89' lang='lat'><em>3</em></span> <span class='ocrx_word' id='word_1_232' title='bbox 415 955 500 983; x_wconf 66' lang='lat' dir='ltr'>SePtem.</span> <span class='ocrx_word' id='word_1_233' title='bbox 515 955 605 977; x_wconf 80' lang='lat' dir='ltr'>meridies</span> <span class='ocrx_word' id='word_1_234' title='bbox 614 962 655 977; x_wconf 82' lang='lat' dir='ltr'>not.</span> <span class='ocrx_word' id='word_1_235' title='bbox 665 955 710 977; x_wconf 85' lang='lat' dir='ltr'>hor.</span> <span class='ocrx_word' id='word_1_236' title='bbox 721 963 741 976; x_wconf 89' lang='lat'>0.</span> <span class='ocrx_word' id='word_1_237' title='bbox 756 962 786 983; x_wconf 79' lang='lat'>17.</span> <span class='ocrx_word' id='word_1_238' title='bbox 800 964 840 984; x_wconf 86' lang='lat'>59.</span> 
     </span>
    </p>

    <p class='ocr_par' dir='ltr' id='par_1_16' title="bbox 322 984 939 1012">
     <span class='ocr_line' id='line_1_25' title="bbox 322 984 939 1012; baseline -0.002 -6"><span class='ocrx_word' id='word_1_239' title='bbox 322 985 360 1006; x_wconf 91' lang='lat' dir='ltr'>Die</span> <span class='ocrx_word' id='word_1_240' title='bbox 390 990 401 1009; x_wconf 84' lang='lat'>5</span> <span class='ocrx_word' id='word_1_241' title='bbox 417 984 502 1012; x_wconf 79' lang='lat' dir='ltr'>Septem.</span> <span class='ocrx_word' id='word_1_242' title='bbox 516 984 578 1005; x_wconf 86' lang='lat' dir='ltr'>Sirius</span> <span class='ocrx_word' id='word_1_243' title='bbox 591 984 616 1005; x_wconf 84' lang='lat' dir='ltr'>ad</span> <span class='ocrx_word' id='word_1_244' title='bbox 629 984 650 1005; x_wconf 91' lang='lat' dir='ltr'>A</span> <span class='ocrx_word' id='word_1_245' title='bbox 661 991 686 1006; x_wconf 82' lang='lat' dir='ltr'>ex</span> <span class='ocrx_word' id='word_1_246' title='bbox 698 985 715 1006; x_wconf 91' lang='lat' dir='ltr'><strong>B</strong></span> <span class='ocrx_word' id='word_1_247' title='bbox 727 991 769 1007; x_wconf 87' lang='lat' dir='ltr'>not.</span> <span class='ocrx_word' id='word_1_248' title='bbox 782 985 824 1007; x_wconf 84' lang='lat' dir='ltr'>hor.</span> <span class='ocrx_word' id='word_1_249' title='bbox 836 992 855 1012; x_wconf 88' lang='lat'>7.</span> <span class='ocrx_word' id='word_1_250' title='bbox 865 991 899 1012; x_wconf 81' lang='lat'>47.</span> <span class='ocrx_word' id='word_1_251' title='bbox 914 990 939 1011; x_wconf 85' lang='lat'>3.</span> 
     </span>
    </p>

    <p class='ocr_par' dir='ltr' id='par_1_17' title="bbox 322 1011 851 1040">
     <span class='ocr_line' id='line_1_26' title="bbox 322 1011 851 1040; baseline 0.002 -6"><span class='ocrx_word' id='word_1_252' title='bbox 322 1014 360 1034; x_wconf 83' lang='lat' dir='ltr'>Die</span> <span class='ocrx_word' id='word_1_253' title='bbox 387 1014 402 1032; x_wconf 89' lang='lat'><em>6</em></span> <span class='ocrx_word' id='word_1_254' title='bbox 415 1011 500 1040; x_wconf 82' lang='lat' dir='ltr'>Septem.</span> <span class='ocrx_word' id='word_1_255' title='bbox 516 1012 607 1034; x_wconf 81' lang='lat' dir='ltr'>meridies</span> <span class='ocrx_word' id='word_1_256' title='bbox 620 1018 661 1034; x_wconf 83' lang='lat' dir='ltr'>not.</span> <span class='ocrx_word' id='word_1_257' title='bbox 676 1012 721 1034; x_wconf 85' lang='lat' dir='ltr'>hor.</span> <span class='ocrx_word' id='word_1_258' title='bbox 732 1019 751 1034; x_wconf 90' lang='lat'>0.</span> <span class='ocrx_word' id='word_1_259' title='bbox 767 1020 798 1039; x_wconf 83' lang='lat'>17.</span> <span class='ocrx_word' id='word_1_260' title='bbox 812 1020 835 1040; x_wconf 80' lang='lat'>51</span> <span class='ocrx_word' id='word_1_261' title='bbox 846 1030 851 1035; x_wconf 93' lang='lat'>.</span> 
     </span>
    </p>

    <p class='ocr_par' dir='ltr' id='par_1_18' title="bbox 323 1040 868 1071">
     <span class='ocr_line' id='line_1_27' title="bbox 323 1040 868 1071; baseline 0 -8"><span class='ocrx_word' id='word_1_262' title='bbox 323 1042 361 1063; x_wconf 89' lang='lat' dir='ltr'>Die</span> <span class='ocrx_word' id='word_1_263' title='bbox 389 1040 401 1061; x_wconf 81' lang='lat'><em>8</em></span> <span class='ocrx_word' id='word_1_264' title='bbox 416 1040 500 1068; x_wconf 78' lang='lat' dir='ltr'>Septem.</span> <span class='ocrx_word' id='word_1_265' title='bbox 515 1040 604 1062; x_wconf 82' lang='lat' dir='ltr'>meridies</span> <span class='ocrx_word' id='word_1_266' title='bbox 616 1047 658 1062; x_wconf 87' lang='lat' dir='ltr'>not.</span> <span class='ocrx_word' id='word_1_267' title='bbox 672 1041 717 1063; x_wconf 84' lang='lat' dir='ltr'>hot.</span> <span class='ocrx_word' id='word_1_268' title='bbox 731 1049 751 1063; x_wconf 88' lang='lat'>0.</span> <span class='ocrx_word' id='word_1_269' title='bbox 766 1048 797 1068; x_wconf 86' lang='lat'>¹7-</span> <span class='ocrx_word' id='word_1_270' title='bbox 808 1045 854 1071; x_wconf 62' lang='lat'>47}</span> <span class='ocrx_word' id='word_1_271' title='bbox 863 1058 868 1063; x_wconf 94' lang='lat'><em>.</em></span> 
     </span>
    </p>

    <p class='ocr_par' dir='ltr' id='par_1_19' title="bbox 323 1068 951 1100">
     <span class='ocr_line' id='line_1_28' title="bbox 323 1068 951 1100; baseline 0.005 -10"><span class='ocrx_word' id='word_1_272' title='bbox 323 1070 361 1091; x_wconf 86' lang='lat' dir='ltr'>Die</span> <span class='ocrx_word' id='word_1_273' title='bbox 390 1076 403 1094; x_wconf 90' lang='grc'><strong><em>9</em></strong></span> <span class='ocrx_word' id='word_1_274' title='bbox 417 1069 501 1096; x_wconf 78' lang='lat' dir='ltr'>Septem.</span> <span class='ocrx_word' id='word_1_275' title='bbox 515 1068 577 1091; x_wconf 79' lang='lat' dir='ltr'>Sirius</span> <span class='ocrx_word' id='word_1_276' title='bbox 587 1069 613 1090; x_wconf 75' lang='lat' dir='ltr'>nd</span> <span class='ocrx_word' id='word_1_277' title='bbox 624 1069 644 1091; x_wconf 79' lang='lat' dir='ltr'>A</span> <span class='ocrx_word' id='word_1_278' title='bbox 659 1076 684 1091; x_wconf 77' lang='lat' dir='ltr'>ex</span> <span class='ocrx_word' id='word_1_279' title='bbox 696 1070 716 1092; x_wconf 92' lang='lat' dir='ltr'>B</span> <span class='ocrx_word' id='word_1_280' title='bbox 727 1076 769 1092; x_wconf 83' lang='lat' dir='ltr'>not.</span> <span class='ocrx_word' id='word_1_281' title='bbox 781 1070 825 1093; x_wconf 85' lang='lat' dir='ltr'>hor.</span> <span class='ocrx_word' id='word_1_282' title='bbox 837 1078 856 1098; x_wconf 89' lang='lat'>7.</span> <span class='ocrx_word' id='word_1_283' title='bbox 867 1078 900 1099; x_wconf 81' lang='lat'>3².</span> <span class='ocrx_word' id='word_1_284' title='bbox 915 1079 951 1100; x_wconf 85' lang='lat'>3²·</span> 
     </span>
    </p>

    <p class='ocr_par' dir='ltr' id='par_1_20' title="bbox 381 1097 717 1125">
     <span class='ocr_line' id='line_1_29' title="bbox 381 1097 717 1125; baseline 0.003 -7"><span class='ocrx_word' id='word_1_285' title='bbox 381 1097 475 1118; x_wconf 76' lang='lat' dir='ltr'>Meridie:</span> <span class='ocrx_word' id='word_1_286' title='bbox 484 1103 523 1119; x_wconf 83' lang='lat' dir='ltr'>not.</span> <span class='ocrx_word' id='word_1_287' title='bbox 538 1097 580 1119; x_wconf 80' lang='lat' dir='ltr'>hor.</span> <span class='ocrx_word' id='word_1_288' title='bbox 592 1105 612 1118; x_wconf 90' lang='grc' dir='ltr'>ο.</span> <span class='ocrx_word' id='word_1_289' title='bbox 628 1104 660 1124; x_wconf 81' lang='lat'>¹7·</span> <span class='ocrx_word' id='word_1_290' title='bbox 675 1100 703 1125; x_wconf 81' lang='lat'>4⁶</span> <span class='ocrx_word' id='word_1_291' title='bbox 712 1114 717 1119; x_wconf 94' lang='lat'>.</span> 
     </span>
    </p>

    <p class='ocr_par' dir='ltr' id='par_1_21' title="bbox 321 1125 1176 1176">
     <span class='ocr_line' id='line_1_30' title="bbox 321 1125 1176 1155; baseline 0.004 -8"><span class='ocrx_word' id='word_1_292' title='bbox 321 1126 359 1148; x_wconf 89' lang='lat' dir='ltr'>Die</span> <span class='ocrx_word' id='word_1_293' title='bbox 375 1131 399 1151; x_wconf 79' lang='grc' dir='ltr'>ις</span> <span class='ocrx_word' id='word_1_294' title='bbox 414 1125 498 1154; x_wconf 83' lang='lat' dir='ltr'>Septem.</span> <span class='ocrx_word' id='word_1_295' title='bbox 513 1126 587 1153; x_wconf 82' lang='lat' dir='ltr'>primus</span> <span class='ocrx_word' id='word_1_296' title='bbox 600 1126 653 1147; x_wconf 78' lang='lat' dir='ltr'>Solis</span> <span class='ocrx_word' id='word_1_297' title='bbox 664 1127 737 1149; x_wconf 82' lang='lat' dir='ltr'>limbus</span> <span class='ocrx_word' id='word_1_298' title='bbox 753 1126 779 1148; x_wconf 77' lang='lat' dir='ltr'>ad</span> <span class='ocrx_word' id='word_1_299' title='bbox 796 1127 923 1150; x_wconf 79' lang='lat' dir='ltr'>meridianum</span> <span class='ocrx_word' id='word_1_300' title='bbox 941 1134 982 1149; x_wconf 89' lang='lat' dir='ltr'>not.</span> <span class='ocrx_word' id='word_1_301' title='bbox 997 1128 1041 1150; x_wconf 64' lang='lat' dir='ltr'>hoff.</span> <span class='ocrx_word' id='word_1_302' title='bbox 1058 1134 1078 1148; x_wconf 88' lang='grc' dir='ltr'>ο.</span> <span class='ocrx_word' id='word_1_303' title='bbox 1095 1133 1126 1154; x_wconf 78' lang='grc' dir='ltr'>ις.</span> <span class='ocrx_word' id='word_1_304' title='bbox 1141 1132 1176 1155; x_wconf 70' lang='grc' dir='ltr'>5οζ</span> 
     </span>
     <span class='ocr_line' id='line_1_31' title="bbox 352 1153 686 1176; baseline 0 -1"><span class='ocrx_word' id='word_1_305' title='bbox 352 1153 449 1176; x_wconf 81' lang='lat' dir='ltr'>secundus</span> <span class='ocrx_word' id='word_1_306' title='bbox 460 1159 502 1176; x_wconf 85' lang='lat' dir='ltr'>not.</span> <span class='ocrx_word' id='word_1_307' title='bbox 512 1155 556 1176; x_wconf 83' lang='lat' dir='ltr'>hor.</span> <span class='ocrx_word' id='word_1_308' title='bbox 568 1162 587 1176; x_wconf 79' lang='grc' dir='ltr'>ο,</span> <span class='ocrx_word' id='word_1_309' title='bbox 601 1154 632 1175; x_wconf 83' lang='lat'>18.</span> <span class='ocrx_word' id='word_1_310' title='bbox 644 1156 670 1176; x_wconf 77' lang='lat'>26</span> <span class='ocrx_word' id='word_1_311' title='bbox 680 1171 686 1176; x_wconf 84' lang='lat'>.</span> 
     </span>
    </p>

    <p class='ocr_par' dir='ltr' id='par_1_22' title="bbox 322 1181 1175 1233">
     <span class='ocr_line' id='line_1_32' title="bbox 322 1181 1175 1232; baseline 0.002 -27"><span class='ocrx_word' id='word_1_312' title='bbox 322 1183 402 1232; x_wconf 69' lang='lat' dir='ltr'>Diebzo</span> <span class='ocrx_word' id='word_1_313' title='bbox 415 1181 500 1232; x_wconf 56' lang='lat' dir='ltr'>{eptem</span> <span class='ocrx_word' id='word_1_314' title='bbox 514 1183 576 1205; x_wconf 80' lang='lat' dir='ltr'>Sirius</span> <span class='ocrx_word' id='word_1_315' title='bbox 591 1182 616 1204; x_wconf 81' lang='lat' dir='ltr'>ad</span> <span class='ocrx_word' id='word_1_316' title='bbox 631 1182 652 1205; x_wconf 82' lang='grc' dir='ltr'><strong>Α</strong></span> <span class='ocrx_word' id='word_1_317' title='bbox 666 1190 691 1205; x_wconf 81' lang='lat' dir='ltr'>ex</span> <span class='ocrx_word' id='word_1_318' title='bbox 705 1185 722 1206; x_wconf 85' lang='lat' dir='ltr'>B</span> <span class='ocrx_word' id='word_1_319' title='bbox 736 1190 779 1206; x_wconf 89' lang='lat' dir='ltr'>not.</span> <span class='ocrx_word' id='word_1_320' title='bbox 796 1183 840 1206; x_wconf 89' lang='lat' dir='ltr'>hor.</span> <span class='ocrx_word' id='word_1_321' title='bbox 855 1185 875 1205; x_wconf 89' lang='lat'>6.</span> <span class='ocrx_word' id='word_1_322' title='bbox 888 1191 919 1210; x_wconf 84' lang='lat'>51-</span> <span class='ocrx_word' id='word_1_323' title='bbox 930 1191 955 1213; x_wconf 83' lang='lat'>31</span> <span class='ocrx_word' id='word_1_324' title='bbox 971 1191 1010 1207; x_wconf 89' lang='lat' dir='ltr'>non</span> <span class='ocrx_word' id='word_1_325' title='bbox 1020 1184 1067 1207; x_wconf 74' lang='lat' dir='ltr'>satis</span> <span class='ocrx_word' id='word_1_326' title='bbox 1075 1184 1175 1208; x_wconf 79' lang='lat' dir='ltr'>evidenter</span> 
     </span>
     <span class='ocr_line' id='line_1_33' title="bbox 349 1217 484 1233; baseline -0.015 0"><span class='ocrx_word' id='word_1_327' title='bbox 349 1218 363 1233; x_wconf 90' lang='grc' dir='ltr'>ο</span> <span class='ocrx_word' id='word_1_328' title='bbox 391 1217 415 1232; x_wconf 88' lang='lat' dir='ltr'>ne</span> <span class='ocrx_word' id='word_1_329' title='bbox 430 1218 443 1232; x_wconf 87' lang='grc' dir='ltr'>ιι</span> <span class='ocrx_word' id='word_1_330' title='bbox 451 1217 471 1232; x_wconf 78' lang='lat' dir='ltr'>as</span> <span class='ocrx_word' id='word_1_331' title='bbox 479 1226 484 1231; x_wconf 94' lang='lat'>.</span> 
     </span>
    </p>

    <p class='ocr_par' dir='ltr' id='par_1_23' title="bbox 322 1238 1172 1523">
     <span class='ocr_line' id='line_1_34' title="bbox 380 1238 1003 1269; baseline 0.005 -8"><span class='ocrx_word' id='word_1_332' title='bbox 380 1239 457 1261; x_wconf 71' lang='lat' dir='ltr'>Primus</span> <span class='ocrx_word' id='word_1_333' title='bbox 468 1238 520 1261; x_wconf 86' lang='lat' dir='ltr'>Solis</span> <span class='ocrx_word' id='word_1_334' title='bbox 531 1240 602 1262; x_wconf 84' lang='lat' dir='ltr'>limbus</span> <span class='ocrx_word' id='word_1_335' title='bbox 614 1240 639 1262; x_wconf 78' lang='lat' dir='ltr'>ad</span> <span class='ocrx_word' id='word_1_336' title='bbox 651 1240 777 1263; x_wconf 81' lang='lat' dir='ltr'>meridianum</span> <span class='ocrx_word' id='word_1_337' title='bbox 789 1247 831 1262; x_wconf 85' lang='lat' dir='ltr'>not.</span> <span class='ocrx_word' id='word_1_338' title='bbox 843 1240 886 1262; x_wconf 83' lang='lat' dir='ltr'>hor.</span> <span class='ocrx_word' id='word_1_339' title='bbox 899 1248 918 1262; x_wconf 85' lang='lat'>0.</span> <span class='ocrx_word' id='word_1_340' title='bbox 932 1249 965 1269; x_wconf 78' lang='grc' dir='ltr'>ις.</span> <span class='ocrx_word' id='word_1_341' title='bbox 976 1247 987 1267; x_wconf 86' lang='lat'>3</span> <span class='ocrx_word' id='word_1_342' title='bbox 996 1257 1003 1264; x_wconf 83' lang='grc'><strong>.</strong></span> 
     </span>
     <span class='ocr_line' id='line_1_35' title="bbox 322 1267 941 1297; baseline 0.003 -8"><span class='ocrx_word' id='word_1_343' title='bbox 322 1268 360 1289; x_wconf 86' lang='lat' dir='ltr'>Die</span> <span class='ocrx_word' id='word_1_344' title='bbox 376 1274 400 1289; x_wconf 83' lang='lat'>21</span> <span class='ocrx_word' id='word_1_345' title='bbox 416 1268 441 1289; x_wconf 88' lang='lat' dir='ltr'>Se</span> <span class='ocrx_word' id='word_1_346' title='bbox 455 1274 499 1289; x_wconf 82' lang='lat' dir='ltr'>tem.</span> <span class='ocrx_word' id='word_1_347' title='bbox 514 1267 575 1290; x_wconf 77' lang='lat' dir='ltr'>Sirius</span> <span class='ocrx_word' id='word_1_348' title='bbox 584 1268 608 1290; x_wconf 79' lang='lat' dir='ltr'>ad</span> <span class='ocrx_word' id='word_1_349' title='bbox 622 1269 642 1290; x_wconf 84' lang='lat' dir='ltr'>A</span> <span class='ocrx_word' id='word_1_350' title='bbox 652 1275 678 1291; x_wconf 84' lang='lat' dir='ltr'>ex</span> <span class='ocrx_word' id='word_1_351' title='bbox 688 1268 707 1291; x_wconf 86' lang='lat' dir='ltr'>B</span> <span class='ocrx_word' id='word_1_352' title='bbox 717 1276 758 1291; x_wconf 85' lang='lat' dir='ltr'>not.</span> <span class='ocrx_word' id='word_1_353' title='bbox 771 1269 814 1291; x_wconf 86' lang='lat' dir='ltr'>hor.</span> <span class='ocrx_word' id='word_1_354' title='bbox 825 1271 845 1291; x_wconf 87' lang='grc'>6.</span> <span class='ocrx_word' id='word_1_355' title='bbox 856 1276 890 1296; x_wconf 83' lang='grc'>47.</span> <span class='ocrx_word' id='word_1_356' title='bbox 902 1269 941 1297; x_wconf 77' lang='lat'>48.</span> 
     </span>
     <span class='ocr_line' id='line_1_36' title="bbox 379 1296 701 1318; baseline 0.003 -1"><span class='ocrx_word' id='word_1_357' title='bbox 379 1297 431 1318; x_wconf 88' lang='lat' dir='ltr'>Meri</span> <span class='ocrx_word' id='word_1_358' title='bbox 446 1297 473 1317; x_wconf 80' lang='lat' dir='ltr'>ies</span> <span class='ocrx_word' id='word_1_359' title='bbox 486 1303 527 1318; x_wconf 87' lang='lat' dir='ltr'>not.</span> <span class='ocrx_word' id='word_1_360' title='bbox 539 1296 584 1318; x_wconf 83' lang='lat' dir='ltr'>hot.</span> <span class='ocrx_word' id='word_1_361' title='bbox 596 1304 615 1318; x_wconf 89' lang='lat'>0.</span> <span class='ocrx_word' id='word_1_362' title='bbox 627 1300 658 1318; x_wconf 80' lang='lat'>16.</span> <span class='ocrx_word' id='word_1_363' title='bbox 669 1303 684 1318; x_wconf 88' lang='lat'>0</span> <span class='ocrx_word' id='word_1_364' title='bbox 695 1313 701 1318; x_wconf 91' lang='lat'><strong><em>.</em></strong></span> 
     </span>
     <span class='ocr_line' id='line_1_37' title="bbox 322 1324 936 1354; baseline 0.005 -9"><span class='ocrx_word' id='word_1_365' title='bbox 322 1324 359 1346; x_wconf 85' lang='lat' dir='ltr'>Die</span> <span class='ocrx_word' id='word_1_366' title='bbox 374 1331 401 1346; x_wconf 80' lang='lat'>22</span> <span class='ocrx_word' id='word_1_367' title='bbox 414 1325 500 1353; x_wconf 79' lang='lat' dir='ltr'>Septem.</span> <span class='ocrx_word' id='word_1_368' title='bbox 515 1326 576 1347; x_wconf 75' lang='lat' dir='ltr'>Sirim</span> <span class='ocrx_word' id='word_1_369' title='bbox 587 1325 611 1346; x_wconf 76' lang='lat' dir='ltr'>ad</span> <span class='ocrx_word' id='word_1_370' title='bbox 621 1325 642 1348; x_wconf 76' lang='lat' dir='ltr'>A</span> <span class='ocrx_word' id='word_1_371' title='bbox 652 1332 676 1347; x_wconf 79' lang='lat' dir='ltr'>ex</span> <span class='ocrx_word' id='word_1_372' title='bbox 687 1325 707 1347; x_wconf 85' lang='grc' dir='ltr'><em>Β</em></span> <span class='ocrx_word' id='word_1_373' title='bbox 716 1332 756 1347; x_wconf 83' lang='lat' dir='ltr'>not.</span> <span class='ocrx_word' id='word_1_374' title='bbox 767 1326 811 1348; x_wconf 86' lang='lat' dir='ltr'>bor.</span> <span class='ocrx_word' id='word_1_375' title='bbox 823 1327 842 1347; x_wconf 86' lang='lat'>6.</span> <span class='ocrx_word' id='word_1_376' title='bbox 853 1333 887 1354; x_wconf 87' lang='lat'>43.</span> <span class='ocrx_word' id='word_1_377' title='bbox 900 1332 936 1353; x_wconf 79' lang='lat'>55.</span> 
     </span>
     <span class='ocr_line' id='line_1_38' title="bbox 377 1352 1046 1381; baseline -0.001 -6"><span class='ocrx_word' id='word_1_378' title='bbox 377 1352 475 1375; x_wconf 80' lang='lat' dir='ltr'>Meridies</span> <span class='ocrx_word' id='word_1_379' title='bbox 486 1360 527 1375; x_wconf 89' lang='lat' dir='ltr'>not.</span> <span class='ocrx_word' id='word_1_380' title='bbox 539 1354 585 1375; x_wconf 87' lang='lat' dir='ltr'>hor.</span> <span class='ocrx_word' id='word_1_381' title='bbox 595 1360 615 1375; x_wconf 87' lang='grc' dir='ltr'>ο,</span> <span class='ocrx_word' id='word_1_382' title='bbox 633 1361 665 1380; x_wconf 82' lang='lat'>15.</span> <span class='ocrx_word' id='word_1_383' title='bbox 680 1361 707 1381; x_wconf 81' lang='lat'>45</span> <span class='ocrx_word' id='word_1_384' title='bbox 716 1369 721 1374; x_wconf 87' lang='lat'>.</span> <span class='ocrx_word' id='word_1_385' title='bbox 734 1353 855 1376; x_wconf 78' lang='lat' dir='ltr'>observavit</span> <span class='ocrx_word' id='word_1_386' title='bbox 867 1355 891 1375; x_wconf 85' lang='lat' dir='ltr'>R.</span> <span class='ocrx_word' id='word_1_387' title='bbox 902 1356 926 1376; x_wconf 91' lang='lat' dir='ltr'>D.</span> <span class='ocrx_word' id='word_1_388' title='bbox 940 1354 1046 1377; x_wconf 70' lang='lat' dir='ltr'>Andreas:</span> 
     </span>
     <span class='ocr_line' id='line_1_39' title="bbox 376 1380 1172 1411; baseline 0.003 -8"><span class='ocrx_word' id='word_1_389' title='bbox 376 1381 423 1410; x_wconf 85' lang='lat' dir='ltr'>Ego</span> <span class='ocrx_word' id='word_1_390' title='bbox 434 1382 459 1403; x_wconf 83' lang='lat' dir='ltr'>ad</span> <span class='ocrx_word' id='word_1_391' title='bbox 469 1383 564 1404; x_wconf 71' lang='lat' dir='ltr'>Thermas</span> <span class='ocrx_word' id='word_1_392' title='bbox 575 1382 692 1404; x_wconf 81' lang='lat' dir='ltr'>Diocletiani</span> <span class='ocrx_word' id='word_1_393' title='bbox 702 1381 808 1405; x_wconf 77' lang='lat' dir='ltr'>observavi</span> <span class='ocrx_word' id='word_1_394' title='bbox 822 1384 843 1405; x_wconf 85' lang='lat' dir='ltr'>in</span> <span class='ocrx_word' id='word_1_395' title='bbox 859 1384 939 1406; x_wconf 86' lang='lat' dir='ltr'>meridie</span> <span class='ocrx_word' id='word_1_396' title='bbox 954 1387 1055 1411; x_wconf 79' lang='lat' dir='ltr'>tangentes</span> <span class='ocrx_word' id='word_1_397' title='bbox 1066 1380 1172 1405; x_wconf 78' lang='lat' dir='ltr'>limborurn</span> 
     </span>
     <span class='ocr_line' id='line_1_40' title="bbox 350 1407 778 1438; baseline 0.007 -8"><span class='ocrx_word' id='word_1_398' title='bbox 350 1407 401 1430; x_wconf 84' lang='lat' dir='ltr'>Solis</span> <span class='ocrx_word' id='word_1_399' title='bbox 410 1410 466 1432; x_wconf 72' lang='lat' dir='ltr'>coelo</span> <span class='ocrx_word' id='word_1_400' title='bbox 476 1410 588 1433; x_wconf 76' lang='lat' dir='ltr'>nitidiffimo</span> <span class='ocrx_word' id='word_1_401' title='bbox 599 1411 684 1438; x_wconf 84' lang='lat'>89624,</span> <span class='ocrx_word' id='word_1_402' title='bbox 698 1411 765 1437; x_wconf 76' lang='lat'>⁸790²</span> <span class='ocrx_word' id='word_1_403' title='bbox 772 1427 778 1433; x_wconf 89' lang='lat'>.</span> 
     </span>
     <span class='ocr_line' id='line_1_41' title="bbox 379 1437 1172 1467; baseline 0.001 -8"><span class='ocrx_word' id='word_1_404' title='bbox 379 1437 429 1459; x_wconf 85' lang='lat' dir='ltr'>Not.</span> <span class='ocrx_word' id='word_1_405' title='bbox 439 1438 483 1460; x_wconf 85' lang='lat' dir='ltr'>hor.</span> <span class='ocrx_word' id='word_1_406' title='bbox 501 1439 519 1460; x_wconf 82' lang='lat'>8.</span> <span class='ocrx_word' id='word_1_407' title='bbox 534 1446 564 1467; x_wconf 77' lang='lat'>54</span> <span class='ocrx_word' id='word_1_408' title='bbox 576 1447 589 1460; x_wconf 89' lang='lat'>0</span> <span class='ocrx_word' id='word_1_409' title='bbox 600 1441 686 1467; x_wconf 85' lang='lat' dir='ltr'>primus,</span> <span class='ocrx_word' id='word_1_410' title='bbox 700 1438 740 1461; x_wconf 84' lang='lat' dir='ltr'>five</span> <span class='ocrx_word' id='word_1_411' title='bbox 752 1439 832 1461; x_wconf 83' lang='lat' dir='ltr'>intimus</span> <span class='ocrx_word' id='word_1_412' title='bbox 844 1440 900 1461; x_wconf 83' lang='lat' dir='ltr'>Iovis</span> <span class='ocrx_word' id='word_1_413' title='bbox 911 1438 990 1461; x_wconf 79' lang='lat' dir='ltr'>Satelles</span> <span class='ocrx_word' id='word_1_414' title='bbox 1001 1438 1071 1465; x_wconf 82' lang='lat' dir='ltr'>incipit</span> <span class='ocrx_word' id='word_1_415' title='bbox 1083 1444 1172 1467; x_wconf 85' lang='lat' dir='ltr'>emerge·</span> 
     </span>
     <span class='ocr_line' id='line_1_42' title="bbox 350 1464 1171 1495; baseline 0.002 -9"><span class='ocrx_word' id='word_1_416' title='bbox 350 1472 372 1487; x_wconf 84' lang='lat' dir='ltr'>re</span> <span class='ocrx_word' id='word_1_417' title='bbox 386 1464 483 1494; x_wconf 66' lang='lat' dir='ltr'>spectatus</span> <span class='ocrx_word' id='word_1_418' title='bbox 498 1467 547 1489; x_wconf 88' lang='lat' dir='ltr'>tubo</span> <span class='ocrx_word' id='word_1_419' title='bbox 563 1468 631 1495; x_wconf 85' lang='lat' dir='ltr'>optico</span> <span class='ocrx_word' id='word_1_420' title='bbox 646 1466 675 1489; x_wconf 72' lang='lat' dir='ltr'>R·</span> <span class='ocrx_word' id='word_1_421' title='bbox 689 1466 718 1488; x_wconf 87' lang='lat' dir='ltr'>D.</span> <span class='ocrx_word' id='word_1_422' title='bbox 730 1467 825 1490; x_wconf 72' lang='lat' dir='ltr'>Andreae</span> <span class='ocrx_word' id='word_1_423' title='bbox 841 1467 938 1490; x_wconf 80' lang='lat' dir='ltr'>Chiatelli</span> <span class='ocrx_word' id='word_1_424' title='bbox 957 1466 1014 1494; x_wconf 83' lang='lat' dir='ltr'>palm.</span> <span class='ocrx_word' id='word_1_425' title='bbox 1027 1466 1085 1488; x_wconf 82' lang='lat' dir='ltr'>Rom.</span> <span class='ocrx_word' id='word_1_426' title='bbox 1099 1473 1136 1493; x_wconf 77' lang='lat'>50,</span> <span class='ocrx_word' id='word_1_427' title='bbox 1150 1468 1171 1488; x_wconf 82' lang='lat' dir='ltr'>in</span> 
     </span>
     <span class='ocr_line' id='line_1_43' title="bbox 349 1494 1172 1523; baseline 0 -7"><span class='ocrx_word' id='word_1_428' title='bbox 349 1500 392 1521; x_wconf 83' lang='lat' dir='ltr'>quo</span> <span class='ocrx_word' id='word_1_429' title='bbox 405 1494 493 1523; x_wconf 86' lang='lat' dir='ltr'>Iuppiter</span> <span class='ocrx_word' id='word_1_430' title='bbox 503 1502 546 1517; x_wconf 83' lang='lat' dir='ltr'>eum</span> <span class='ocrx_word' id='word_1_431' title='bbox 557 1495 633 1517; x_wconf 85' lang='lat' dir='ltr'>duobus</span> <span class='ocrx_word' id='word_1_432' title='bbox 647 1494 710 1517; x_wconf 80' lang='lat' dir='ltr'>fasciis</span> <span class='ocrx_word' id='word_1_433' title='bbox 721 1503 765 1518; x_wconf 84' lang='lat' dir='ltr'>curn</span> <span class='ocrx_word' id='word_1_434' title='bbox 776 1498 835 1519; x_wconf 85' lang='lat' dir='ltr'>tertio</span> <span class='ocrx_word' id='word_1_435' title='bbox 845 1495 926 1517; x_wconf 76' lang='lat' dir='ltr'>satellite</span> <span class='ocrx_word' id='word_1_436' title='bbox 940 1501 1016 1517; x_wconf 82' lang='lat' dir='ltr'>tantum</span> <span class='ocrx_word' id='word_1_437' title='bbox 1027 1496 1081 1522; x_wconf 84' lang='lat' dir='ltr'>prius</span> <span class='ocrx_word' id='word_1_438' title='bbox 1093 1501 1172 1523; x_wconf 79' lang='lat' dir='ltr'>appate-</span> 
     </span>
    </p>
   </div>
   <div class='ocr_carea' id='block_1_4' title="bbox 349 1522 1145 1573">
    <p class='ocr_par' dir='ltr' id='par_1_24' title="bbox 349 1522 1145 1573">
     <span class='ocr_line' id='line_1_44' title="bbox 349 1522 1145 1573; baseline 0 -29"><span class='ocrx_word' id='word_1_439' title='bbox 349 1522 394 1549; x_wconf 78' lang='lat' dir='ltr'>bat,</span> <span class='ocrx_word' id='word_1_440' title='bbox 403 1522 444 1552; x_wconf 74' lang='lat' dir='ltr'>fuit</span> <span class='ocrx_word' id='word_1_441' title='bbox 457 1528 524 1550; x_wconf 68' lang='lat' dir='ltr'>temper</span> <span class='ocrx_word' id='word_1_442' title='bbox 538 1530 601 1545; x_wconf 79' lang='lat' dir='ltr'>verum</span> <span class='ocrx_word' id='word_1_443' title='bbox 612 1523 647 1553; x_wconf 79' lang='lat' dir='ltr'>post</span> <span class='ocrx_word' id='word_1_444' title='bbox 660 1524 750 1546; x_wconf 59' lang='lat' dir='ltr'>atridem</span> <span class='ocrx_word' id='word_1_445' title='bbox 763 1532 785 1547; x_wconf 73' lang='lat' dir='ltr'>ex</span> <span class='ocrx_word' id='word_1_446' title='bbox 797 1525 832 1546; x_wconf 69' lang='lat' dir='ltr'>eim</span> <span class='ocrx_word' id='word_1_447' title='bbox 845 1527 925 1550; x_wconf 74' lang='lat' dir='ltr'>con-pato</span> <span class='ocrx_word' id='word_1_448' title='bbox 938 1523 975 1546; x_wconf 79' lang='lat' dir='ltr'>hor.</span> <span class='ocrx_word' id='word_1_449' title='bbox 991 1523 1009 1545; x_wconf 84' lang='lat'>8.</span> <span class='ocrx_word' id='word_1_450' title='bbox 1020 1524 1054 1552; x_wconf 83' lang='lat'>38.</span> <span class='ocrx_word' id='word_1_451' title='bbox 1067 1530 1145 1573; x_wconf 43' lang='lat' dir='ltr'>xiimus</span> 
     </span>
    </p>
   </div>
  </div>
 </body>
</html>
